2940 4974
627 362 846 424 ..19-

145 558 255 620 suadet
284 557 343 620 ὄύο
372 582 415 638 γε.
462 557 595 621 Rectum
627 558 686 622 hoc
718 556 785 620 loco
817 557 895 620 vidit
919 555 1074 620 Porsonus
1103 579 1137 636 γε
1162 555 1221 618 δύο
1249 546 1323 637 pro-

146 686 275 747 ponens
301 687 395 748 quam
420 665 585 728 lectionem
603 686 709 728 omues
733 665 921 728 recentiores
940 663 1073 727 editores
1097 664 1323 745 reciperenon

146 770 380 834 dubitaverunt.
410 823 416 839 .

236 894 397 959 Postremo
413 895 599 958 sententiam
625 915 726 957 meam
748 893 907 975 proferam
932 893 969 957 de
987 893 1069 957 llccl.
1092 916 1121 955 v.
1141 893 1201 955 151
1229 893 1323 973 ἐβου-

145 1000 250 1083 λόμην
266 1001 326 1082 μὲν
342 1003 450 1081 ἕτερον
465 1003 505 1064 ἂν
521 1006 585 1063 τῶν
601 1000 750 1082 ἠθάδων,
775 1001 829 1083 qui
852 1001 885 1062 in
902 999 970 1064 aliis
993 1000 1081 1063 libris
1102 998 1323 1080 manuscriptis

146 1106 238 1171 aliter
262 1108 475 1172 conformatus
499 1108 638 1171 nondum
663 1106 815 1170 medelam
839 1108 960 1189 accepit
983 1107 1022 1170 ab
1047 1106 1191 1170 omnibus
1220 1106 1323 1169 homi-

145 1214 239 1277 nibus
270 1215 368 1279 doctis
399 1236 462 1278 uno
493 1235 644 1279 consensu
673 1218 842 1296 receptam.
890 1214 1062 1277 Maximam
1095 1213 1321 1277 dubitationem

146 1320 225 1384 mihi
257 1325 360 1384 movet
390 1323 430 1382 ἂν
461 1319 616 1402 particula
647 1320 778 1385 alteram
809 1321 962 1384 tribrachi
993 1320 1146 1405 syllabam
1179 1318 1321 1401 explens3

146 1449 221 1490 nam
245 1427 311 1510 ejus
335 1426 497 1490 solutionis
514 1426 656 1508 exempla
672 1432 757 1491 certa
772 1431 903 1510 quartus
919 1431 1043 1490 tantum
1063 1449 1116 1508 pes
1134 1427 1194 1491 duo
1213 1449 1322 1510 eaque,

147 1538 182 1597 ut
212 1534 296 1598 infra
327 1534 557 1611 demonstrabo,
589 1535 681 1597 certis
712 1535 749 1598 de
780 1535 880 1598 causis
912 1535 986 1598 satis
1016 1538 1162 1598 excusata
1193 1533 1323 1615 praebet

148 1637 203 1720 (cf.
227 1665 257 1724 p.
278 1640 346 1719 20).
393 1640 475 1704 Mihi
499 1641 624 1724 quidem
656 1642 787 1705 dubium
817 1646 959 1719 nonest,
992 1641 1068 1724 quin
1092 1641 1247 1723 scriptura
1271 1640 1323 1702 de·

146 1752 276 1831 provata
299 1747 340 1810 sit
363 1752 403 1824 et,
429 1769 500 1812 cum
524 1747 665 1812 codexlt
689 1753 810 1812 mutato
829 1748 996 1812 verborum
1013 1749 1120 1811 ordine
1138 1748 1199 1829 μὲν
1216 1749 1323 1828 ἕτερον

146 1855 187 1914 ἂν
211 1853 369 1936 praebeat,
398 1856 434 1916 ut
456 1853 578 1917 numeri
602 1855 744 1919 oriantur
769 1854 905 1918 maxima
930 1855 1131 1936 procedentes
1155 1855 1323 1937 elegantia,

146 1982 218 2024 eum
242 1981 305 2023 esse
330 1960 502 2042 genuinum
527 1963 693 2025 verborum
718 1962 856 2025 ordinem
882 1961 1018 2024 maxime
1042 1962 1237 2026 crediderim.

412 2188 474 2258 IV.
498 2188 549 2255 De
573 2187 772 2256 tribrachis
795 2189 917 2276 quarti
941 2189 1054 2277 pedis.

236 2349 273 2413 In
297 2354 410 2432 quarto
433 2349 511 2432 pede
535 2372 606 2413 cum
623 2351 748 2415 eaedem
773 2350 839 2414 fere
855 2350 1025 2414 solutiones
1041 2354 1216 2428 occurrant,
1242 2373 1323 2434 quae

146 2456 329 2520 insecundo
353 2457 441 2538 pede,
466 2457 573 2521 eodem
589 2461 684 2540 atque
706 2458 740 2520 in
764 2456 818 2519 illo
840 2458 917 2539 pede
933 2479 1006 2520 usus
1022 2458 1131 2521 ordine
1146 2456 1323 2521 tribrachos

147 2562 187 2624 ab
212 2562 423 2645 Aristophane
446 2561 591 2627 liberiore
615 2563 706 2625 modo
730 2563 917 2643 compositos
941 2584 1106 2645 exponam.

236 2687 281 2751 Ut
308 2686 341 2749 in
366 2687 459 2750 tertio
487 2686 564 2768 pede
592 2686 877 2769 penthemimerim,
905 2687 950 2750 ita
972 2687 1005 2750 in
1034 2687 1094 2751 hoo
1122 2687 1322 2770 hephthemi·

147 2794 257 2857 merim
282 2794 321 2857 ad
344 2793 534 2857 solutionum
558 2794 692 2876 speciem
717 2816 865 2877 magnam
890 2794 1006 2857 habere
1023 2794 1088 2857 vim
1105 2793 1207 2877 quivis
1231 2794 1323 2857 facile

147 2900 314 2984 intellegit.
360 2900 444 2966 Satis
474 2920 608 2984 magnus
640 2923 787 2965 numerus
815 2901 939 2965 obviam
969 2906 1015 2965 est
1045 2903 1078 2964 in
1109 2902 1167 2965 hoc
1198 2924 1323 2985 quoque

147 3008 224 3089 pede
247 3008 479 3071 tribrachorum
502 3007 548 3071 ita
571 3008 823 3090 compositorum,
848 3013 883 3071 ut
907 3008 1006 3072 altera
1022 3007 1143 3091 syllaba
1161 3009 1326 3091 expleatur.

148 3136 222 3179 voce
250 3113 467 3197 monosyllaba
491 3114 542 3177 sed
567 3136 603 3178 ea
625 3136 850 3199 usquequaque
878 3117 917 3178 ad
940 3115 1127 3179 vocabulum
1156 3117 1322 3200 insequens

147 3221 332 3302 pertinente.
380 3217 429 3283 lta
453 3219 603 3284 articulus
628 3220 709 3284 hanc
732 3223 834 3285 sedem
859 3220 978 3303 explet:
1004 3221 1084 3284 Ach.
1102 3221 1143 3282 22
1167 3222 1322 3302 φεύγουσι

147 3326 182 3389 τὸ
210 3327 467 3407 μεμιλτώμενονς
500 3326 581 3410 Equ.
601 3327 685 3391 1048
715 3329 853 3408 ἔφραζεν
882 3328 899 3390 ὁ
927 3327 1020 3404 θεός,
1045 3326 1141 3408 Vesp.
1158 3329 1199 3392 47
1230 3328 1321 3391 ἀλλό-

147 3456 243 3495 κοτον
267 3433 285 3494 ὁ
306 3431 455 3514 &turpem
488 3435 549 3497 173
575 3432 652 3495 ἀλλὰ
677 3433 731 3495 τὸν
755 3435 844 3510 duom
875 3433 946 3497 Pac.
966 3434 1040 3510 241,
1065 3435 1144 3510 437;
1170 3434 1228 3496 Ar.
1248 3436 1322 3512 864,

150 3541 250 3616 1149;
267 3539 339 3621 Lys.
357 3540 429 3615 159,
447 3541 522 3616 200,
540 3540 619 3615 396;
636 3539 763 3604 Thesm.
778 3541 830 3619 78,
848 3542 922 3616 246,
940 3542 1015 3618 256,
1035 3542 1134 3616 1126;
1152 3540 1322 3618 11111183,

149 3647 223 3721 563,
248 3646 323 3721 801,
350 3647 564 3725 11441154,
591 3648 687 3724 1262,
712 3649 810 3722 1434,
836 3646 919 3710 Eccl.
941 3649 1011 3725 172,
1033 3648 1115 3711 1037
1136 3644 1173 3727 (si
1191 3646 1322 3730 Bergkii

147 3753 305 3835 sequimur
333 3752 530 3831 lectionem);
559 3752 644 3816 Plut.
663 3755 692 3828 7.
718 3754 792 3829 740,
819 3755 892 3829 789,
919 3755 992 3829 794,
1023 3754 1098 3831 878,
1123 3755 1198 3830 013,
1226 3756 1321 3818 1016.

148 3859 221 3923 Non
251 3860 354 3922 minus
377 3860 500 3924 articuli
525 3862 672 3925 brevibus
695 3862 804 3925 formis
832 3862 968 3943 pertinet
991 3861 1030 3924 ad
1058 3882 1166 3925 vocem
1189 3883 1321 3944 sequen·

148 3971 209 4029 tem
240 3967 446 4050 jurisjurandi
477 3966 633 4049 particula
663 3968 725 4049 μάτ
759 3968 819 4032 Au.
847 3968 929 4031 1237
959 3967 1037 4028 ἀλλὰ
1065 3967 1111 4048 μὰ
1141 3966 1201 4039 Δί’,
1237 3968 1321 4030 1497

149 4073 286 4134 ἐνταῦθα
314 4073 361 4154 μὰ
386 4072 452 4146 Λί’;
484 4073 569 4137 Eccl.
588 4075 651 4137 553
681 4075 751 4153 ἄρτι
778 4073 825 4155 μὰ
850 4073 911 4150 Δί’,
946 4073 1030 4137 1088
1059 4073 1156 4154 δεῦρο
1184 4073 1230 4155 μὰ
1255 4071 1321 4148 Δί’,

149 4177 231 4242 Plut.
250 4179 313 4241 359
339 4179 535 4259 ἀποτρόπαιε
554 4178 600 4259 μὰ
619 4179 680 4256 Δί’,
705 4180 770 4242 444
788 4181 881 4261 στῆθι
901 4179 947 4261 μὰ
966 4181 1027 4242 Δί’.
1073 4179 1323 4262 Praepositiones

149 4289 180 4347 et
196 4284 431 4366 conjunctiones
447 4285 570 4348 articuli
587 4290 692 4367 partes
707 4285 850 4368 explent:
877 4287 935 4349 Ar.
949 4308 977 4350 v.
993 4287 1057 4350 964
1073 4287 1323 4367 ἐχρησμολόγεις

1126 4393 1162 4446 2*
