<?xml version="1.0" encoding="UTF-8"?>
<!DOCTYPE html PUBLIC "-//W3C//DTD XHTML 1.0 Transitional//EN"
    "http://www.w3.org/TR/xhtml1/DTD/xhtml1-transitional.dtd">
<html xmlns="http://www.w3.org/1999/xhtml" xml:lang="en" lang="en">
 <head>
  <title>
</title>
<meta http-equiv="Content-Type" content="text/html;charset=utf-8" />
  <meta name='ocr-system' content='tesseract 3.04.00' />
  <meta name='ocr-capabilities' content='ocr_page ocr_carea ocr_par ocr_line ocrx_word'/>
</head>
<body>
  <div class='ocr_page' id='page_1' title='image "./dearsibussoluti00ponggoog_0020.png"; bbox 0 0 2940 4974; ppageno 0'>
   <div class='ocr_carea' id='block_1_1' title="bbox 622 334 844 397">
    <p class='ocr_par' dir='ltr' id='par_1_1' title="bbox 622 334 844 397">
     <span class='ocr_line' id='line_1_1' title="bbox 622 334 844 397; baseline -0.014 -17"><span class='ocrx_word' id='word_1_1' title='bbox 622 334 844 397; x_wconf 69' lang='grc'>-17-</span> 
     </span>
    </p>
   </div>
   <div class='ocr_carea' id='block_1_2' title="bbox 143 631 1322 4241">
    <p class='ocr_par' dir='ltr' id='par_1_2' title="bbox 143 631 1322 2639">
     <span class='ocr_line' id='line_1_2' title="bbox 146 631 1321 718; baseline 0.005 -24"><span class='ocrx_word' id='word_1_2' title='bbox 146 631 310 697; x_wconf 76' lang='grc' dir='ltr'>Ρ1υ1.628</span> <span class='ocrx_word' id='word_1_3' title='bbox 337 635 453 715; x_wconf 76' lang='grc' dir='ltr'><em>ἀνδρες</em></span> <span class='ocrx_word' id='word_1_4' title='bbox 473 634 522 698; x_wconf 79' lang='grc' dir='ltr'>ἐπ’</span> <span class='ocrx_word' id='word_1_5' title='bbox 541 636 719 717; x_wconf 79' lang='grc' dir='ltr'><em>ὀλιγίστοις;</em></span> <span class='ocrx_word' id='word_1_6' title='bbox 744 635 870 699; x_wconf 82' lang='lat' dir='ltr'>Thesm.</span> <span class='ocrx_word' id='word_1_7' title='bbox 889 636 973 699; x_wconf 84' lang='lat'>1183</span> <span class='ocrx_word' id='word_1_8' title='bbox 997 637 1163 718; x_wconf 69' lang='lat' dir='ltr'>raperemur</span> <span class='ocrx_word' id='word_1_9' title='bbox 1183 635 1222 700; x_wconf 76' lang='grc' dir='ltr'>ἵν’</span> <span class='ocrx_word' id='word_1_10' title='bbox 1239 638 1321 700; x_wconf 81' lang='grc' dir='ltr'><em>ὕπο-</em></span> 
     </span>
     <span class='ocr_line' id='line_1_3' title="bbox 145 739 1320 824; baseline 0.004 -23"><span class='ocrx_word' id='word_1_11' title='bbox 145 739 249 818; x_wconf 81' lang='grc' dir='ltr'><em>1ύοιο;</em></span> <span class='ocrx_word' id='word_1_12' title='bbox 281 740 361 805; x_wconf 73' lang='lat' dir='ltr'>Aah.</span> <span class='ocrx_word' id='word_1_13' title='bbox 379 742 421 805; x_wconf 99' lang='grc'>45</span> <span class='ocrx_word' id='word_1_14' title='bbox 446 741 508 824; x_wconf 76' lang='grc' dir='ltr'>ἤδη</span> <span class='ocrx_word' id='word_1_15' title='bbox 532 767 577 811; x_wconf 89' lang='grc' dir='ltr'>τις</span> <span class='ocrx_word' id='word_1_16' title='bbox 601 740 680 805; x_wconf 77' lang='grc' dir='ltr'><em>εἶπε</em></span> <span class='ocrx_word' id='word_1_17' title='bbox 706 742 750 810; x_wconf 84' lang='grc' dir='ltr'>τίς</span> <span class='ocrx_word' id='word_1_18' title='bbox 773 742 938 823; x_wconf 78' lang='grc' dir='ltr'><em>ἀγορεύειν</em></span> <span class='ocrx_word' id='word_1_19' title='bbox 961 743 1121 823; x_wconf 76' lang='grc' dir='ltr'><em>βούλεταις</em></span> <span class='ocrx_word' id='word_1_20' title='bbox 1155 742 1238 806; x_wconf 92' lang='lat' dir='ltr'>Plut.</span> <span class='ocrx_word' id='word_1_21' title='bbox 1257 743 1320 806; x_wconf 85' lang='lat'>842</span> 
     </span>
     <span class='ocr_line' id='line_1_4' title="bbox 145 845 1320 932; baseline 0.004 -25"><span class='ocrx_word' id='word_1_22' title='bbox 145 845 180 908; x_wconf 87' lang='grc' dir='ltr'>τὸ</span> <span class='ocrx_word' id='word_1_23' title='bbox 211 848 381 929; x_wconf 79' lang='grc' dir='ltr'><em>τριβώνιον</em></span> <span class='ocrx_word' id='word_1_24' title='bbox 415 848 449 911; x_wconf 78' lang='grc' dir='ltr'>δὲ</span> <span class='ocrx_word' id='word_1_25' title='bbox 480 851 509 911; x_wconf 91' lang='grc' dir='ltr'>τί</span> <span class='ocrx_word' id='word_1_26' title='bbox 538 849 681 924; x_wconf 64' lang='lat' dir='ltr'>&amp;aaaron</span> <span class='ocrx_word' id='word_1_27' title='bbox 707 848 802 931; x_wconf 87' lang='lat' dir='ltr'>Vesp.</span> <span class='ocrx_word' id='word_1_28' title='bbox 824 849 887 912; x_wconf 85' lang='lat'>905</span> <span class='ocrx_word' id='word_1_29' title='bbox 919 849 1047 923; x_wconf 71' lang='grc' dir='ltr'><em>κάθιζε·</em></span> <span class='ocrx_word' id='word_1_30' title='bbox 1072 850 1110 914; x_wconf 84' lang='grc' dir='ltr'>σὺ</span> <span class='ocrx_word' id='word_1_31' title='bbox 1138 851 1166 913; x_wconf 79' lang='grc' dir='ltr'>δ’</span> <span class='ocrx_word' id='word_1_32' title='bbox 1183 850 1320 932; x_wconf 51' lang='lat' dir='ltr'>&lt;irruptam</span> 
     </span>
     <span class='ocr_line' id='line_1_5' title="bbox 146 953 1320 1039; baseline 0.002 -23"><span class='ocrx_word' id='word_1_33' title='bbox 146 953 273 1018; x_wconf 82' lang='lat' dir='ltr'>Thesm.</span> <span class='ocrx_word' id='word_1_34' title='bbox 291 956 355 1019; x_wconf 83' lang='grc'>740</span> <span class='ocrx_word' id='word_1_35' title='bbox 375 955 483 1038; x_wconf 74' lang='grc' dir='ltr'><em>(δῆτα)</em></span> <span class='ocrx_word' id='word_1_36' title='bbox 508 955 546 1019; x_wconf 83' lang='grc' dir='ltr'>σὺ</span> <span class='ocrx_word' id='word_1_37' title='bbox 572 957 600 1018; x_wconf 76' lang='grc' dir='ltr'>δ’</span> <span class='ocrx_word' id='word_1_38' title='bbox 618 957 797 1037; x_wconf 86' lang='grc' dir='ltr'><em>ἀπόκριναι,</em></span> <span class='ocrx_word' id='word_1_39' title='bbox 824 957 887 1021; x_wconf 83' lang='grc'>764</span> <span class='ocrx_word' id='word_1_40' title='bbox 903 957 1093 1037; x_wconf 79' lang='grc' dir='ltr'><em>πρυτάνεσιν</em></span> <span class='ocrx_word' id='word_1_41' title='bbox 1109 959 1129 1019; x_wconf 84' lang='grc' dir='ltr'><em>ἀ</em></span> <span class='ocrx_word' id='word_1_42' title='bbox 1146 959 1320 1039; x_wconf 82' lang='grc' dir='ltr'><em>πεποίηκα,</em></span> 
     </span>
     <span class='ocr_line' id='line_1_6' title="bbox 146 1060 1320 1144; baseline 0.003 -21"><span class='ocrx_word' id='word_1_43' title='bbox 146 1060 209 1123; x_wconf 91' lang='grc'>929</span> <span class='ocrx_word' id='word_1_44' title='bbox 239 1067 424 1142; x_wconf 85' lang='grc' dir='ltr'><em>πανοῦργος</em></span> <span class='ocrx_word' id='word_1_45' title='bbox 455 1063 492 1124; x_wconf 85' lang='grc' dir='ltr'>ὃν</span> <span class='ocrx_word' id='word_1_46' title='bbox 523 1061 624 1143; x_wconf 76' lang='grc' dir='ltr'><em>ἔλεγε;</em></span> <span class='ocrx_word' id='word_1_47' title='bbox 659 1062 742 1126; x_wconf 86' lang='lat' dir='ltr'>Plut.</span> <span class='ocrx_word' id='word_1_48' title='bbox 765 1063 827 1125; x_wconf 89' lang='grc'>811</span> <span class='ocrx_word' id='word_1_49' title='bbox 858 1062 1004 1143; x_wconf 73' lang='grc' dir='ltr'><em>γέμουσι,</em></span> <span class='ocrx_word' id='word_1_50' title='bbox 1036 1061 1071 1124; x_wconf 88' lang='grc' dir='ltr'>τὸ</span> <span class='ocrx_word' id='word_1_51' title='bbox 1104 1060 1132 1125; x_wconf 77' lang='grc' dir='ltr'>δ’</span> <span class='ocrx_word' id='word_1_52' title='bbox 1158 1064 1320 1144; x_wconf 76' lang='grc' dir='ltr'><em>ὑπερῷον.</em></span> 
     </span>
     <span class='ocr_line' id='line_1_7' title="bbox 147 1166 1321 1251; baseline 0.003 -23"><span class='ocrx_word' id='word_1_53' title='bbox 147 1166 218 1230; x_wconf 83' lang='grc' dir='ltr'>Ηυε</span> <span class='ocrx_word' id='word_1_54' title='bbox 240 1168 376 1232; x_wconf 90' lang='lat' dir='ltr'>referam</span> <span class='ocrx_word' id='word_1_55' title='bbox 393 1168 487 1251; x_wconf 86' lang='lat' dir='ltr'>Vesp.</span> <span class='ocrx_word' id='word_1_56' title='bbox 505 1191 533 1233; x_wconf 91' lang='lat' dir='ltr'>v.</span> <span class='ocrx_word' id='word_1_57' title='bbox 553 1170 637 1233; x_wconf 88' lang='grc'><strong>1400</strong></span> <span class='ocrx_word' id='word_1_58' title='bbox 658 1170 804 1251; x_wconf 82' lang='grc' dir='ltr'><em>χαρίεντα</em></span> <span class='ocrx_word' id='word_1_59' title='bbox 820 1167 866 1249; x_wconf 84' lang='grc' dir='ltr'><em>μά</em></span> <span class='ocrx_word' id='word_1_60' title='bbox 884 1166 942 1230; x_wconf 82' lang='grc' dir='ltr'>Δία</span> <span class='ocrx_word' id='word_1_61' title='bbox 966 1173 997 1232; x_wconf 90' lang='lat' dir='ltr'>et</span> <span class='ocrx_word' id='word_1_62' title='bbox 1013 1167 1098 1233; x_wconf 93' lang='lat' dir='ltr'>Pluti</span> <span class='ocrx_word' id='word_1_63' title='bbox 1117 1191 1240 1233; x_wconf 88' lang='lat' dir='ltr'>versum</span> <span class='ocrx_word' id='word_1_64' title='bbox 1256 1171 1321 1232; x_wconf 88' lang='grc'>484</span> 
     </span>
     <span class='ocr_line' id='line_1_8' title="bbox 147 1272 1322 1360; baseline 0.003 -25"><span class='ocrx_word' id='word_1_65' title='bbox 147 1273 182 1335; x_wconf 81' lang='grc' dir='ltr'>δέ</span> <span class='ocrx_word' id='word_1_66' title='bbox 206 1272 260 1335; x_wconf 78' lang='grc' dir='ltr'>δύ’</span> <span class='ocrx_word' id='word_1_67' title='bbox 278 1275 529 1358; x_wconf 78' lang='grc' dir='ltr'><em>ἀποχρήσουσιν,</em></span> <span class='ocrx_word' id='word_1_68' title='bbox 558 1277 612 1340; x_wconf 93' lang='lat' dir='ltr'>ubi</span> <span class='ocrx_word' id='word_1_69' title='bbox 635 1276 776 1360; x_wconf 84' lang='lat' dir='ltr'>syllabae</span> <span class='ocrx_word' id='word_1_70' title='bbox 803 1276 918 1358; x_wconf 83' lang='lat' dir='ltr'>longae</span> <span class='ocrx_word' id='word_1_71' title='bbox 946 1275 1015 1340; x_wconf 85' lang='lat' dir='ltr'>loeo</span> <span class='ocrx_word' id='word_1_72' title='bbox 1042 1277 1161 1359; x_wconf 89' lang='lat' dir='ltr'>positae</span> <span class='ocrx_word' id='word_1_73' title='bbox 1185 1276 1322 1341; x_wconf 89' lang='lat' dir='ltr'>elisionis</span> 
     </span>
     <span class='ocr_line' id='line_1_9' title="bbox 146 1379 1321 1446; baseline 0.002 -4"><span class='ocrx_word' id='word_1_74' title='bbox 146 1379 175 1442; x_wconf 86' lang='lat' dir='ltr'>vi</span> <span class='ocrx_word' id='word_1_75' title='bbox 201 1381 412 1446; x_wconf 84' lang='lat' dir='ltr'>continentur.</span> <span class='ocrx_word' id='word_1_76' title='bbox 459 1380 496 1444; x_wconf 91' lang='lat' dir='ltr'>In</span> <span class='ocrx_word' id='word_1_77' title='bbox 521 1380 569 1444; x_wconf 87' lang='lat' dir='ltr'>his</span> <span class='ocrx_word' id='word_1_78' title='bbox 592 1383 735 1446; x_wconf 88' lang='lat' dir='ltr'>omnibus</span> <span class='ocrx_word' id='word_1_79' title='bbox 758 1382 899 1445; x_wconf 82' lang='lat' dir='ltr'>versibus</span> <span class='ocrx_word' id='word_1_80' title='bbox 914 1404 933 1445; x_wconf 87' lang='lat' dir='ltr'>a</span> <span class='ocrx_word' id='word_1_81' title='bbox 949 1383 1042 1445; x_wconf 88' lang='lat' dir='ltr'>tertio</span> <span class='ocrx_word' id='word_1_82' title='bbox 1065 1382 1217 1446; x_wconf 76' lang='lat' dir='ltr'><strong>tribrachi</strong></span> <span class='ocrx_word' id='word_1_83' title='bbox 1240 1386 1321 1446; x_wconf 88' lang='lat' dir='ltr'>tem-</span> 
     </span>
     <span class='ocr_line' id='line_1_10' title="bbox 147 1486 1321 1571; baseline 0.002 -21"><span class='ocrx_word' id='word_1_84' title='bbox 147 1507 222 1568; x_wconf 85' lang='lat' dir='ltr'>pore</span> <span class='ocrx_word' id='word_1_85' title='bbox 252 1486 377 1571; x_wconf 86' lang='lat' dir='ltr'>longius</span> <span class='ocrx_word' id='word_1_86' title='bbox 405 1490 505 1552; x_wconf 93' lang='lat' dir='ltr'>oritur</span> <span class='ocrx_word' id='word_1_87' title='bbox 536 1489 733 1554; x_wconf 82' lang='lat' dir='ltr'>vocabulum.</span> <span class='ocrx_word' id='word_1_88' title='bbox 781 1489 923 1552; x_wconf 76' lang='lat' dir='ltr'><strong>Alteram</strong></span> <span class='ocrx_word' id='word_1_89' title='bbox 952 1494 984 1553; x_wconf 90' lang='lat' dir='ltr'>et</span> <span class='ocrx_word' id='word_1_90' title='bbox 1012 1489 1137 1553; x_wconf 76' lang='lat' dir='ltr'><strong>tertiam</strong></span> <span class='ocrx_word' id='word_1_91' title='bbox 1169 1489 1321 1553; x_wconf 85' lang='lat' dir='ltr'><strong>tribrachi</strong></span> 
     </span>
     <span class='ocr_line' id='line_1_11' title="bbox 145 1593 1320 1679; baseline 0.003 -24"><span class='ocrx_word' id='word_1_92' title='bbox 145 1593 300 1677; x_wconf 83' lang='lat' dir='ltr'>syllabam</span> <span class='ocrx_word' id='word_1_93' title='bbox 338 1595 471 1678; x_wconf 84' lang='lat' dir='ltr'>singulis</span> <span class='ocrx_word' id='word_1_94' title='bbox 510 1596 612 1661; x_wconf 89' lang='lat' dir='ltr'>verbis</span> <span class='ocrx_word' id='word_1_95' title='bbox 651 1594 874 1679; x_wconf 86' lang='lat' dir='ltr'>monosyllabis</span> <span class='ocrx_word' id='word_1_96' title='bbox 913 1618 1088 1678; x_wconf 85' lang='lat' dir='ltr'>expressam</span> <span class='ocrx_word' id='word_1_97' title='bbox 1131 1597 1320 1660; x_wconf 84' lang='lat' dir='ltr'>invenimus:</span> 
     </span>
     <span class='ocr_line' id='line_1_12' title="bbox 144 1699 1320 1787; baseline 0.003 -25"><span class='ocrx_word' id='word_1_98' title='bbox 144 1699 217 1783; x_wconf 86' lang='lat' dir='ltr'>Lys.</span> <span class='ocrx_word' id='word_1_99' title='bbox 235 1701 299 1766; x_wconf 84' lang='grc'>873</span> <span class='ocrx_word' id='word_1_100' title='bbox 324 1701 436 1784; x_wconf 76' lang='grc' dir='ltr'><em>δεῦρο·</em></span> <span class='ocrx_word' id='word_1_101' title='bbox 460 1702 507 1783; x_wconf 77' lang='lat' dir='ltr'>pol</span> <span class='ocrx_word' id='word_1_102' title='bbox 531 1702 593 1780; x_wconf 80' lang='grc' dir='ltr'>Δί’,</span> <span class='ocrx_word' id='word_1_103' title='bbox 618 1703 744 1767; x_wconf 85' lang='lat' dir='ltr'>Thesm.</span> <span class='ocrx_word' id='word_1_104' title='bbox 764 1704 826 1766; x_wconf 87' lang='grc'>748</span> <span class='ocrx_word' id='word_1_105' title='bbox 851 1701 928 1764; x_wconf 82' lang='grc' dir='ltr'><em>αὐτὸ</em></span> <span class='ocrx_word' id='word_1_106' title='bbox 952 1702 998 1784; x_wconf 83' lang='grc' dir='ltr'><em>μά</em></span> <span class='ocrx_word' id='word_1_107' title='bbox 1022 1703 1091 1779; x_wconf 90' lang='grc' dir='ltr'><em>τόν;</em></span> <span class='ocrx_word' id='word_1_108' title='bbox 1116 1703 1188 1787; x_wconf 90' lang='lat' dir='ltr'>Lys.</span> <span class='ocrx_word' id='word_1_109' title='bbox 1211 1727 1239 1767; x_wconf 87' lang='lat' dir='ltr'>v.</span> <span class='ocrx_word' id='word_1_110' title='bbox 1257 1704 1320 1767; x_wconf 89' lang='grc'>938</span> 
     </span>
     <span class='ocr_line' id='line_1_13' title="bbox 146 1806 1322 1893; baseline 0.003 -25"><span class='ocrx_word' id='word_1_111' title='bbox 146 1831 189 1879; x_wconf 83' lang='grc' dir='ltr'>σε,</span> <span class='ocrx_word' id='word_1_112' title='bbox 213 1806 259 1888; x_wconf 84' lang='grc' dir='ltr'>μὰ</span> <span class='ocrx_word' id='word_1_113' title='bbox 284 1806 348 1884; x_wconf 86' lang='grc' dir='ltr'><em>τόν,</em></span> <span class='ocrx_word' id='word_1_114' title='bbox 381 1809 494 1890; x_wconf 92' lang='lat' dir='ltr'>quibus</span> <span class='ocrx_word' id='word_1_115' title='bbox 525 1808 600 1872; x_wconf 87' lang='lat' dir='ltr'>loeis</span> <span class='ocrx_word' id='word_1_116' title='bbox 631 1808 862 1893; x_wconf 83' lang='lat' dir='ltr'>monosyllabas</span> <span class='ocrx_word' id='word_1_117' title='bbox 890 1831 979 1872; x_wconf 84' lang='lat' dir='ltr'>voees</span> <span class='ocrx_word' id='word_1_118' title='bbox 1010 1810 1094 1874; x_wconf 87' lang='lat' dir='ltr'>inter</span> <span class='ocrx_word' id='word_1_119' title='bbox 1123 1832 1155 1874; x_wconf 90' lang='lat' dir='ltr'>se</span> <span class='ocrx_word' id='word_1_120' title='bbox 1186 1812 1322 1874; x_wconf 89' lang='lat' dir='ltr'>maxime</span> 
     </span>
     <span class='ocr_line' id='line_1_14' title="bbox 143 1913 1321 1999; baseline 0.003 -23"><span class='ocrx_word' id='word_1_121' title='bbox 143 1913 270 1995; x_wconf 86' lang='lat' dir='ltr'>junctas</span> <span class='ocrx_word' id='word_1_122' title='bbox 293 1936 365 1978; x_wconf 89' lang='lat' dir='ltr'>oum</span> <span class='ocrx_word' id='word_1_123' title='bbox 388 1916 590 1999; x_wconf 87' lang='lat' dir='ltr'>sequentibus</span> <span class='ocrx_word' id='word_1_124' title='bbox 614 1937 676 1979; x_wconf 91' lang='lat' dir='ltr'>non</span> <span class='ocrx_word' id='word_1_125' title='bbox 700 1916 803 1979; x_wconf 90' lang='lat' dir='ltr'>minus</span> <span class='ocrx_word' id='word_1_126' title='bbox 819 1917 1053 1999; x_wconf 82' lang='lat' dir='ltr'>conjungendas</span> <span class='ocrx_word' id='word_1_127' title='bbox 1070 1939 1133 1981; x_wconf 89' lang='lat' dir='ltr'>esse</span> <span class='ocrx_word' id='word_1_128' title='bbox 1158 1917 1234 1998; x_wconf 88' lang='lat' dir='ltr'>(sive</span> <span class='ocrx_word' id='word_1_129' title='bbox 1251 1939 1321 1980; x_wconf 93' lang='lat' dir='ltr'>sen-</span> 
     </span>
     <span class='ocr_line' id='line_1_15' title="bbox 147 2021 1321 2107; baseline 0.001 -24"><span class='ocrx_word' id='word_1_130' title='bbox 147 2021 246 2084; x_wconf 86' lang='lat' dir='ltr'>tentia</span> <span class='ocrx_word' id='word_1_131' title='bbox 269 2021 333 2084; x_wconf 90' lang='lat' dir='ltr'>sive</span> <span class='ocrx_word' id='word_1_132' title='bbox 357 2021 497 2102; x_wconf 86' lang='lat' dir='ltr'>elisione)</span> <span class='ocrx_word' id='word_1_133' title='bbox 521 2023 628 2087; x_wconf 90' lang='lat' dir='ltr'>statim</span> <span class='ocrx_word' id='word_1_134' title='bbox 657 2023 878 2105; x_wconf 79' lang='lat' dir='ltr'>intellegimus</span> <span class='ocrx_word' id='word_1_135' title='bbox 926 2022 1163 2107; x_wconf 88' lang='lat' dir='ltr'>Monosyllabae</span> <span class='ocrx_word' id='word_1_136' title='bbox 1188 2023 1321 2086; x_wconf 88' lang='lat' dir='ltr'>alterum</span> 
     </span>
     <span class='ocr_line' id='line_1_16' title="bbox 146 2128 1321 2213; baseline 0.002 -23"><span class='ocrx_word' id='word_1_137' title='bbox 146 2132 177 2191; x_wconf 90' lang='lat' dir='ltr'>et</span> <span class='ocrx_word' id='word_1_138' title='bbox 199 2128 326 2191; x_wconf 90' lang='lat' dir='ltr'>tertium</span> <span class='ocrx_word' id='word_1_139' title='bbox 351 2133 473 2212; x_wconf 90' lang='lat' dir='ltr'>tempus</span> <span class='ocrx_word' id='word_1_140' title='bbox 489 2130 648 2212; x_wconf 84' lang='lat' dir='ltr'>explentes</span> <span class='ocrx_word' id='word_1_141' title='bbox 664 2135 759 2213; x_wconf 89' lang='lat' dir='ltr'>atque</span> <span class='ocrx_word' id='word_1_142' title='bbox 774 2132 869 2194; x_wconf 89' lang='lat' dir='ltr'>etiam</span> <span class='ocrx_word' id='word_1_143' title='bbox 890 2131 972 2193; x_wconf 89' lang='lat' dir='ltr'>inter</span> <span class='ocrx_word' id='word_1_144' title='bbox 987 2152 1020 2194; x_wconf 89' lang='lat' dir='ltr'>se</span> <span class='ocrx_word' id='word_1_145' title='bbox 1036 2131 1231 2213; x_wconf 83' lang='lat' dir='ltr'>conjunctae,</span> <span class='ocrx_word' id='word_1_146' title='bbox 1250 2152 1321 2194; x_wconf 90' lang='lat' dir='ltr'>oum</span> 
     </span>
     <span class='ocr_line' id='line_1_17' title="bbox 146 2235 1318 2313; baseline 0.001 -15"><span class='ocrx_word' id='word_1_147' title='bbox 146 2235 245 2299; x_wconf 87' lang='lat' dir='ltr'>altera</span> <span class='ocrx_word' id='word_1_148' title='bbox 272 2237 399 2311; x_wconf 81' lang='lat' dir='ltr'>tertiae,</span> <span class='ocrx_word' id='word_1_149' title='bbox 428 2237 522 2301; x_wconf 89' lang='lat' dir='ltr'>tertia</span> <span class='ocrx_word' id='word_1_150' title='bbox 552 2237 641 2301; x_wconf 90' lang='lat' dir='ltr'>alteri</span> <span class='ocrx_word' id='word_1_151' title='bbox 670 2238 804 2300; x_wconf 86' lang='lat' dir='ltr'>maxime</span> <span class='ocrx_word' id='word_1_152' title='bbox 832 2238 1026 2302; x_wconf 84' lang='lat' dir='ltr'>adnectenda</span> <span class='ocrx_word' id='word_1_153' title='bbox 1053 2238 1107 2313; x_wconf 90' lang='lat' dir='ltr'>sit,</span> <span class='ocrx_word' id='word_1_154' title='bbox 1137 2241 1318 2301; x_wconf 85' lang='lat' dir='ltr'>occurrunt:</span> 
     </span>
     <span class='ocr_line' id='line_1_18' title="bbox 146 2341 1320 2427; baseline 0.003 -23"><span class='ocrx_word' id='word_1_155' title='bbox 146 2341 228 2425; x_wconf 78' lang='lat' dir='ltr'>Equ.</span> <span class='ocrx_word' id='word_1_156' title='bbox 245 2343 310 2405; x_wconf 90' lang='grc'>224</span> <span class='ocrx_word' id='word_1_157' title='bbox 334 2342 430 2405; x_wconf 80' lang='grc' dir='ltr'><em>αὐτὸν</em></span> <span class='ocrx_word' id='word_1_158' title='bbox 446 2343 466 2405; x_wconf 90' lang='grc' dir='ltr'>ὅ</span> <span class='ocrx_word' id='word_1_159' title='bbox 480 2368 526 2422; x_wconf 90' lang='grc' dir='ltr'>τε;</span> <span class='ocrx_word' id='word_1_160' title='bbox 551 2343 636 2409; x_wconf 88' lang='lat' dir='ltr'>Nub.</span> <span class='ocrx_word' id='word_1_161' title='bbox 654 2345 696 2409; x_wconf 87' lang='lat'>39</span> <span class='ocrx_word' id='word_1_162' title='bbox 716 2343 753 2407; x_wconf 88' lang='grc' dir='ltr'><em>τά</em></span> <span class='ocrx_word' id='word_1_163' title='bbox 771 2345 820 2419; x_wconf 62' lang='lat' dir='ltr'>aa</span> <span class='ocrx_word' id='word_1_164' title='bbox 847 2344 941 2427; x_wconf 86' lang='lat' dir='ltr'>Vesp.</span> <span class='ocrx_word' id='word_1_165' title='bbox 959 2347 1022 2410; x_wconf 84' lang='grc'>793</span> <span class='ocrx_word' id='word_1_166' title='bbox 1046 2344 1131 2418; x_wconf 84' lang='grc' dir='ltr'>ὁόέ;</span> <span class='ocrx_word' id='word_1_167' title='bbox 1158 2346 1215 2407; x_wconf 85' lang='lat' dir='ltr'>Av.</span> <span class='ocrx_word' id='word_1_168' title='bbox 1236 2345 1320 2407; x_wconf 87' lang='grc'>1309</span> 
     </span>
     <span class='ocr_line' id='line_1_19' title="bbox 148 2448 1321 2533; baseline 0.002 -21"><span class='ocrx_word' id='word_1_169' title='bbox 148 2448 185 2512; x_wconf 83' lang='grc' dir='ltr'>σὺ</span> <span class='ocrx_word' id='word_1_170' title='bbox 211 2450 255 2524; x_wconf 78' lang='grc' dir='ltr'>δέ,</span> <span class='ocrx_word' id='word_1_171' title='bbox 284 2451 367 2513; x_wconf 88' lang='grc'>1390</span> <span class='ocrx_word' id='word_1_172' title='bbox 392 2449 430 2513; x_wconf 84' lang='grc' dir='ltr'>σὺ</span> <span class='ocrx_word' id='word_1_173' title='bbox 453 2452 527 2531; x_wconf 86' lang='grc' dir='ltr'><em>μέν;</em></span> <span class='ocrx_word' id='word_1_174' title='bbox 553 2449 626 2516; x_wconf 83' lang='lat' dir='ltr'>Pac.</span> <span class='ocrx_word' id='word_1_175' title='bbox 644 2453 708 2516; x_wconf 85' lang='grc'>548</span> <span class='ocrx_word' id='word_1_176' title='bbox 732 2451 813 2529; x_wconf 82' lang='grc' dir='ltr'>ὁάέ,</span> <span class='ocrx_word' id='word_1_177' title='bbox 838 2454 901 2516; x_wconf 91' lang='grc'>255</span> <span class='ocrx_word' id='word_1_178' title='bbox 925 2453 955 2514; x_wconf 88' lang='grc' dir='ltr'>τί</span> <span class='ocrx_word' id='word_1_179' title='bbox 967 2475 1025 2533; x_wconf 77' lang='grc' dir='ltr'>μες</span> <span class='ocrx_word' id='word_1_180' title='bbox 1050 2451 1134 2515; x_wconf 88' lang='lat' dir='ltr'>Plut.</span> <span class='ocrx_word' id='word_1_181' title='bbox 1154 2453 1214 2516; x_wconf 82' lang='lat'>157</span> <span class='ocrx_word' id='word_1_182' title='bbox 1240 2452 1321 2527; x_wconf 82' lang='grc' dir='ltr'>ὁὸέ,</span> 
     </span>
     <span class='ocr_line' id='line_1_20' title="bbox 149 2557 574 2639; baseline -0.002 -18"><span class='ocrx_word' id='word_1_183' title='bbox 149 2557 212 2621; x_wconf 86' lang='grc'>722</span> <span class='ocrx_word' id='word_1_184' title='bbox 236 2557 254 2618; x_wconf 87' lang='grc' dir='ltr'>ὁ</span> <span class='ocrx_word' id='word_1_185' title='bbox 279 2557 324 2634; x_wconf 79' lang='grc' dir='ltr'>δέ,</span> <span class='ocrx_word' id='word_1_186' title='bbox 357 2559 439 2622; x_wconf 85' lang='grc'>1179</span> <span class='ocrx_word' id='word_1_187' title='bbox 464 2559 482 2621; x_wconf 84' lang='grc' dir='ltr'>ὁ</span> <span class='ocrx_word' id='word_1_188' title='bbox 505 2559 574 2639; x_wconf 81' lang='grc' dir='ltr'><em>μέν.</em></span> 
     </span>
    </p>

    <p class='ocr_par' dir='ltr' id='par_1_3' title="bbox 147 2660 1321 3067">
     <span class='ocr_line' id='line_1_21' title="bbox 236 2660 1321 2749; baseline 0 -23"><span class='ocrx_word' id='word_1_189' title='bbox 236 2660 349 2747; x_wconf 89' lang='lat' dir='ltr'>Neque</span> <span class='ocrx_word' id='word_1_190' title='bbox 382 2664 585 2729; x_wconf 87' lang='lat' dir='ltr'>offensionem</span> <span class='ocrx_word' id='word_1_191' title='bbox 615 2665 746 2746; x_wconf 87' lang='lat' dir='ltr'>praebet</span> <span class='ocrx_word' id='word_1_192' title='bbox 776 2665 865 2729; x_wconf 90' lang='lat' dir='ltr'>nobis</span> <span class='ocrx_word' id='word_1_193' title='bbox 897 2665 1044 2749; x_wconf 86' lang='lat' dir='ltr'>vulgatae</span> <span class='ocrx_word' id='word_1_194' title='bbox 1075 2666 1167 2729; x_wconf 87' lang='lat' dir='ltr'>leotio</span> <span class='ocrx_word' id='word_1_195' title='bbox 1196 2666 1230 2728; x_wconf 92' lang='lat' dir='ltr'>in</span> <span class='ocrx_word' id='word_1_196' title='bbox 1261 2663 1321 2727; x_wconf 82' lang='lat' dir='ltr'>Au.</span> 
     </span>
     <span class='ocr_line' id='line_1_22' title="bbox 148 2770 1321 2855; baseline -0.001 -22"><span class='ocrx_word' id='word_1_197' title='bbox 148 2792 176 2833; x_wconf 91' lang='lat' dir='ltr'>v.</span> <span class='ocrx_word' id='word_1_198' title='bbox 197 2771 261 2833; x_wconf 87' lang='grc'>994</span> <span class='ocrx_word' id='word_1_199' title='bbox 290 2771 334 2839; x_wconf 89' lang='grc' dir='ltr'>τίς</span> <span class='ocrx_word' id='word_1_200' title='bbox 362 2770 380 2832; x_wconf 86' lang='grc' dir='ltr'>ὁ</span> <span class='ocrx_word' id='word_1_201' title='bbox 408 2770 583 2852; x_wconf 74' lang='grc' dir='ltr'><em>κόθορνος,</em></span> <span class='ocrx_word' id='word_1_202' title='bbox 614 2770 668 2834; x_wconf 91' lang='lat' dir='ltr'>ubi</span> <span class='ocrx_word' id='word_1_203' title='bbox 692 2771 772 2835; x_wconf 89' lang='lat' dir='ltr'>duae</span> <span class='ocrx_word' id='word_1_204' title='bbox 803 2771 1037 2855; x_wconf 86' lang='lat' dir='ltr'>monosyllabae</span> <span class='ocrx_word' id='word_1_205' title='bbox 1064 2771 1220 2836; x_wconf 90' lang='lat' dir='ltr'>sententia</span> <span class='ocrx_word' id='word_1_206' title='bbox 1250 2793 1321 2834; x_wconf 88' lang='lat' dir='ltr'>oum</span> 
     </span>
     <span class='ocr_line' id='line_1_23' title="bbox 147 2876 1321 2961; baseline 0.001 -23"><span class='ocrx_word' id='word_1_207' title='bbox 147 2876 296 2959; x_wconf 89' lang='lat' dir='ltr'>proximis</span> <span class='ocrx_word' id='word_1_208' title='bbox 320 2877 473 2940; x_wconf 90' lang='lat' dir='ltr'>artissime</span> <span class='ocrx_word' id='word_1_209' title='bbox 491 2878 731 2961; x_wconf 85' lang='lat' dir='ltr'>conjungendae</span> <span class='ocrx_word' id='word_1_210' title='bbox 750 2882 832 2956; x_wconf 90' lang='lat' dir='ltr'>suut,</span> <span class='ocrx_word' id='word_1_211' title='bbox 858 2882 892 2940; x_wconf 92' lang='lat' dir='ltr'>ut</span> <span class='ocrx_word' id='word_1_212' title='bbox 907 2877 1021 2942; x_wconf 92' lang='lat' dir='ltr'>solutio</span> <span class='ocrx_word' id='word_1_213' title='bbox 1041 2878 1170 2956; x_wconf 89' lang='lat' dir='ltr'>oriatur,</span> <span class='ocrx_word' id='word_1_214' title='bbox 1195 2876 1321 2960; x_wconf 88' lang='lat' dir='ltr'>qualem</span> 
     </span>
     <span class='ocr_line' id='line_1_24' title="bbox 148 2983 1320 3067; baseline 0.002 -22"><span class='ocrx_word' id='word_1_215' title='bbox 148 2983 280 3066; x_wconf 83' lang='lat' dir='ltr'>legimus</span> <span class='ocrx_word' id='word_1_216' title='bbox 297 2984 329 3046; x_wconf 92' lang='lat' dir='ltr'>in</span> <span class='ocrx_word' id='word_1_217' title='bbox 345 2984 447 3065; x_wconf 90' lang='lat' dir='ltr'>primo</span> <span class='ocrx_word' id='word_1_218' title='bbox 463 3006 588 3067; x_wconf 89' lang='lat' dir='ltr'>quoque</span> <span class='ocrx_word' id='word_1_219' title='bbox 603 2985 681 3067; x_wconf 87' lang='lat' dir='ltr'>pede</span> <span class='ocrx_word' id='word_1_220' title='bbox 696 3007 841 3050; x_wconf 85' lang='lat' dir='ltr'>versuum</span> <span class='ocrx_word' id='word_1_221' title='bbox 856 2984 950 3067; x_wconf 91' lang='lat' dir='ltr'>Vesp.</span> <span class='ocrx_word' id='word_1_222' title='bbox 967 2985 1062 3061; x_wconf 88' lang='lat'>1501,</span> <span class='ocrx_word' id='word_1_223' title='bbox 1080 2984 1206 3066; x_wconf 83' lang='lat' dir='ltr'>Fragm.</span> <span class='ocrx_word' id='word_1_224' title='bbox 1222 2986 1320 3048; x_wconf 82' lang='lat' dir='ltr'>505a.</span> 
     </span>
    </p>

    <p class='ocr_par' dir='ltr' id='par_1_4' title="bbox 147 3089 1322 4241">
     <span class='ocr_line' id='line_1_25' title="bbox 236 3089 1319 3174; baseline 0 -22"><span class='ocrx_word' id='word_1_225' title='bbox 236 3089 324 3164; x_wconf 83' lang='lat' dir='ltr'>Quod</span> <span class='ocrx_word' id='word_1_226' title='bbox 341 3112 436 3172; x_wconf 89' lang='lat' dir='ltr'>supra</span> <span class='ocrx_word' id='word_1_227' title='bbox 459 3091 675 3167; x_wconf 71' lang='lat' dir='ltr'>indicavimus</span> <span class='ocrx_word' id='word_1_228' title='bbox 699 3092 731 3155; x_wconf 92' lang='lat' dir='ltr'>in</span> <span class='ocrx_word' id='word_1_229' title='bbox 749 3091 844 3174; x_wconf 90' lang='lat' dir='ltr'>hujus</span> <span class='ocrx_word' id='word_1_230' title='bbox 862 3092 948 3174; x_wconf 89' lang='lat' dir='ltr'>pedis</span> <span class='ocrx_word' id='word_1_231' title='bbox 963 3091 1133 3157; x_wconf 91' lang='lat' dir='ltr'>solutiones</span> <span class='ocrx_word' id='word_1_232' title='bbox 1149 3091 1319 3173; x_wconf 86' lang='lat' dir='ltr'>plurimum</span> 
     </span>
     <span class='ocr_line' id='line_1_26' title="bbox 148 3196 1320 3281; baseline 0 -23"><span class='ocrx_word' id='word_1_233' title='bbox 148 3196 315 3260; x_wconf 84' lang='lat' dir='ltr'>contulisse</span> <span class='ocrx_word' id='word_1_234' title='bbox 331 3218 492 3260; x_wconf 84' lang='lat' dir='ltr'>caesuram</span> <span class='ocrx_word' id='word_1_235' title='bbox 507 3198 775 3280; x_wconf 86' lang='lat' dir='ltr'>semiquinariam,</span> <span class='ocrx_word' id='word_1_236' title='bbox 796 3220 889 3281; x_wconf 90' lang='lat' dir='ltr'>quam</span> <span class='ocrx_word' id='word_1_237' title='bbox 907 3202 1031 3277; x_wconf 82' lang='lat' dir='ltr'>vocant,</span> <span class='ocrx_word' id='word_1_238' title='bbox 1055 3198 1116 3262; x_wconf 86' lang='lat' dir='ltr'>hac</span> <span class='ocrx_word' id='word_1_239' title='bbox 1131 3199 1202 3261; x_wconf 90' lang='lat' dir='ltr'>sede</span> <span class='ocrx_word' id='word_1_240' title='bbox 1217 3197 1320 3261; x_wconf 88' lang='lat' dir='ltr'>looum</span> 
     </span>
     <span class='ocr_line' id='line_1_27' title="bbox 148 3304 1321 3388; baseline 0.001 -23"><span class='ocrx_word' id='word_1_241' title='bbox 148 3325 237 3367; x_wconf 89' lang='lat' dir='ltr'>suum</span> <span class='ocrx_word' id='word_1_242' title='bbox 266 3304 445 3384; x_wconf 83' lang='lat' dir='ltr'>habentem,</span> <span class='ocrx_word' id='word_1_243' title='bbox 474 3326 580 3369; x_wconf 87' lang='lat' dir='ltr'>omnes</span> <span class='ocrx_word' id='word_1_244' title='bbox 604 3327 681 3388; x_wconf 89' lang='lat' dir='ltr'>quos</span> <span class='ocrx_word' id='word_1_245' title='bbox 704 3305 807 3369; x_wconf 84' lang='lat' dir='ltr'>adhuc</span> <span class='ocrx_word' id='word_1_246' title='bbox 836 3305 999 3369; x_wconf 90' lang='lat' dir='ltr'>attulimus</span> <span class='ocrx_word' id='word_1_247' title='bbox 1026 3305 1086 3368; x_wconf 91' lang='lat' dir='ltr'>looi</span> <span class='ocrx_word' id='word_1_248' title='bbox 1110 3306 1186 3368; x_wconf 89' lang='lat' dir='ltr'>satis</span> <span class='ocrx_word' id='word_1_249' title='bbox 1213 3326 1321 3386; x_wconf 92' lang='lat' dir='ltr'>super·</span> 
     </span>
     <span class='ocr_line' id='line_1_28' title="bbox 147 3411 1321 3494; baseline 0.002 -23"><span class='ocrx_word' id='word_1_250' title='bbox 147 3431 207 3492; x_wconf 93' lang='lat' dir='ltr'>que</span> <span class='ocrx_word' id='word_1_251' title='bbox 238 3411 420 3489; x_wconf 91' lang='lat' dir='ltr'>ostendunt,</span> <span class='ocrx_word' id='word_1_252' title='bbox 452 3411 484 3473; x_wconf 91' lang='lat' dir='ltr'>iu</span> <span class='ocrx_word' id='word_1_253' title='bbox 516 3411 629 3493; x_wconf 92' lang='lat' dir='ltr'>quibus</span> <span class='ocrx_word' id='word_1_254' title='bbox 660 3411 876 3494; x_wconf 87' lang='lat' dir='ltr'>monosyllaba</span> <span class='ocrx_word' id='word_1_255' title='bbox 905 3416 989 3476; x_wconf 81' lang='lat' dir='ltr'>arete</span> <span class='ocrx_word' id='word_1_256' title='bbox 1019 3411 1198 3494; x_wconf 88' lang='lat' dir='ltr'>insequenti</span> <span class='ocrx_word' id='word_1_257' title='bbox 1226 3412 1321 3474; x_wconf 84' lang='lat' dir='ltr'>verbo</span> 
     </span>
     <span class='ocr_line' id='line_1_29' title="bbox 147 3515 1320 3602; baseline 0.001 -24"><span class='ocrx_word' id='word_1_258' title='bbox 147 3515 293 3581; x_wconf 83' lang='lat' dir='ltr'>socianda</span> <span class='ocrx_word' id='word_1_259' title='bbox 315 3519 365 3582; x_wconf 90' lang='lat' dir='ltr'>sit.</span> <span class='ocrx_word' id='word_1_260' title='bbox 412 3518 524 3601; x_wconf 91' lang='lat' dir='ltr'>Itaque</span> <span class='ocrx_word' id='word_1_261' title='bbox 549 3540 629 3602; x_wconf 87' lang='lat' dir='ltr'>quae</span> <span class='ocrx_word' id='word_1_262' title='bbox 656 3540 712 3601; x_wconf 91' lang='lat' dir='ltr'>per</span> <span class='ocrx_word' id='word_1_263' title='bbox 735 3523 861 3583; x_wconf 83' lang='lat' dir='ltr'>cunctas</span> <span class='ocrx_word' id='word_1_264' title='bbox 888 3518 1105 3600; x_wconf 83' lang='lat' dir='ltr'>Aristophanis</span> <span class='ocrx_word' id='word_1_265' title='bbox 1134 3517 1259 3581; x_wconf 86' lang='lat' dir='ltr'>fabulas</span> <span class='ocrx_word' id='word_1_266' title='bbox 1288 3517 1320 3580; x_wconf 93' lang='lat' dir='ltr'>in</span> 
     </span>
     <span class='ocr_line' id='line_1_30' title="bbox 148 3622 1321 3707; baseline 0.001 -22"><span class='ocrx_word' id='word_1_267' title='bbox 148 3622 267 3687; x_wconf 92' lang='lat' dir='ltr'>duobus</span> <span class='ocrx_word' id='word_1_268' title='bbox 295 3625 434 3689; x_wconf 75' lang='lat' dir='ltr'>versibus</span> <span class='ocrx_word' id='word_1_269' title='bbox 462 3625 553 3688; x_wconf 86' lang='lat' dir='ltr'>nobis</span> <span class='ocrx_word' id='word_1_270' title='bbox 583 3626 773 3707; x_wconf 89' lang='lat' dir='ltr'>praebentur</span> <span class='ocrx_word' id='word_1_271' title='bbox 803 3626 878 3689; x_wconf 82' lang='lat' dir='ltr'>huie</span> <span class='ocrx_word' id='word_1_272' title='bbox 907 3625 1117 3688; x_wconf 89' lang='lat' dir='ltr'>observationi</span> <span class='ocrx_word' id='word_1_273' title='bbox 1148 3624 1321 3688; x_wconf 87' lang='lat' dir='ltr'>officientes</span> 
     </span>
     <span class='ocr_line' id='line_1_31' title="bbox 147 3729 1321 3813; baseline 0.002 -22"><span class='ocrx_word' id='word_1_274' title='bbox 147 3729 324 3809; x_wconf 85' lang='lat' dir='ltr'>solutiones,</span> <span class='ocrx_word' id='word_1_275' title='bbox 351 3753 402 3795; x_wconf 89' lang='lat' dir='ltr'>eas</span> <span class='ocrx_word' id='word_1_276' title='bbox 424 3752 550 3813; x_wconf 91' lang='lat' dir='ltr'>quoquo</span> <span class='ocrx_word' id='word_1_277' title='bbox 575 3731 667 3794; x_wconf 89' lang='lat' dir='ltr'>modo</span> <span class='ocrx_word' id='word_1_278' title='bbox 692 3753 851 3794; x_wconf 84' lang='lat' dir='ltr'>removere</span> <span class='ocrx_word' id='word_1_279' title='bbox 874 3751 937 3793; x_wconf 92' lang='lat' dir='ltr'>non</span> <span class='ocrx_word' id='word_1_280' title='bbox 961 3730 1140 3794; x_wconf 89' lang='lat' dir='ltr'>dubitamus</span> <span class='ocrx_word' id='word_1_281' title='bbox 1168 3729 1262 3812; x_wconf 89' lang='lat' dir='ltr'>idque</span> <span class='ocrx_word' id='word_1_282' title='bbox 1286 3750 1321 3793; x_wconf 91' lang='lat' dir='ltr'>eo</span> 
     </span>
     <span class='ocr_line' id='line_1_32' title="bbox 147 3834 1322 3919; baseline 0.003 -23"><span class='ocrx_word' id='word_1_283' title='bbox 147 3834 304 3913; x_wconf 88' lang='lat' dir='ltr'>libentius,</span> <span class='ocrx_word' id='word_1_284' title='bbox 322 3859 392 3900; x_wconf 88' lang='lat' dir='ltr'>oum</span> <span class='ocrx_word' id='word_1_285' title='bbox 409 3836 641 3900; x_wconf 87' lang='lat' dir='ltr'>tribraoliorum</span> <span class='ocrx_word' id='word_1_286' title='bbox 658 3837 742 3899; x_wconf 92' lang='lat' dir='ltr'>tertii</span> <span class='ocrx_word' id='word_1_287' title='bbox 763 3836 849 3918; x_wconf 90' lang='lat' dir='ltr'>pedis</span> <span class='ocrx_word' id='word_1_288' title='bbox 865 3835 1101 3900; x_wconf 89' lang='lat' dir='ltr'>similitudinem</span> <span class='ocrx_word' id='word_1_289' title='bbox 1121 3857 1322 3919; x_wconf 86' lang='lat' dir='ltr'>assequamur</span> 
     </span>
     <span class='ocr_line' id='line_1_33' title="bbox 148 3942 1321 4026; baseline 0.002 -22"><span class='ocrx_word' id='word_1_290' title='bbox 148 3963 218 4006; x_wconf 88' lang='lat' dir='ltr'>oum</span> <span class='ocrx_word' id='word_1_291' title='bbox 247 3943 339 4024; x_wconf 87' lang='lat' dir='ltr'>hujus</span> <span class='ocrx_word' id='word_1_292' title='bbox 367 3944 453 4026; x_wconf 91' lang='lat' dir='ltr'>pedis</span> <span class='ocrx_word' id='word_1_293' title='bbox 477 3942 619 4025; x_wconf 66' lang='lat' dir='ltr'>dactylis</span> <span class='ocrx_word' id='word_1_294' title='bbox 650 3964 784 4025; x_wconf 87' lang='lat' dir='ltr'>quorum</span> <span class='ocrx_word' id='word_1_295' title='bbox 807 3947 840 4007; x_wconf 90' lang='lat' dir='ltr'>et</span> <span class='ocrx_word' id='word_1_296' title='bbox 867 3943 1006 4024; x_wconf 90' lang='lat' dir='ltr'>ipsorum</span> <span class='ocrx_word' id='word_1_297' title='bbox 1028 3947 1153 4006; x_wconf 90' lang='lat' dir='ltr'>nostrae</span> <span class='ocrx_word' id='word_1_298' title='bbox 1177 3964 1321 4006; x_wconf 84' lang='lat' dir='ltr'>caesurae</span> 
     </span>
     <span class='ocr_line' id='line_1_34' title="bbox 148 4049 1320 4136; baseline 0.002 -25"><span class='ocrx_word' id='word_1_299' title='bbox 148 4052 358 4132; x_wconf 85' lang='lat' dir='ltr'>repugnantia</span> <span class='ocrx_word' id='word_1_300' title='bbox 381 4050 567 4132; x_wconf 82' lang='lat' dir='ltr'>paucissima</span> <span class='ocrx_word' id='word_1_301' title='bbox 584 4049 726 4132; x_wconf 87' lang='lat' dir='ltr'>exempla</span> <span class='ocrx_word' id='word_1_302' title='bbox 742 4049 936 4113; x_wconf 86' lang='lat' dir='ltr'>emendanda</span> <span class='ocrx_word' id='word_1_303' title='bbox 952 4071 1015 4112; x_wconf 88' lang='lat' dir='ltr'>esse</span> <span class='ocrx_word' id='word_1_304' title='bbox 1031 4050 1116 4112; x_wconf 90' lang='lat' dir='ltr'>infra</span> <span class='ocrx_word' id='word_1_305' title='bbox 1132 4050 1320 4136; x_wconf 84' lang='lat' dir='ltr'>docebimus.</span> 
     </span>
     <span class='ocr_line' id='line_1_35' title="bbox 149 4156 1321 4241; baseline 0.001 -23"><span class='ocrx_word' id='word_1_306' title='bbox 149 4156 195 4219; x_wconf 86' lang='grc' dir='ltr'>Αο</span> <span class='ocrx_word' id='word_1_307' title='bbox 226 4158 362 4238; x_wconf 91' lang='lat' dir='ltr'>primum</span> <span class='ocrx_word' id='word_1_308' title='bbox 396 4158 520 4241; x_wconf 89' lang='lat' dir='ltr'>quidem</span> <span class='ocrx_word' id='word_1_309' title='bbox 553 4158 727 4221; x_wconf 78' lang='lat' dir='ltr'>accuratius</span> <span class='ocrx_word' id='word_1_310' title='bbox 759 4157 986 4240; x_wconf 87' lang='lat' dir='ltr'>perquirendus</span> <span class='ocrx_word' id='word_1_311' title='bbox 1014 4162 1059 4220; x_wconf 90' lang='lat' dir='ltr'>est</span> <span class='ocrx_word' id='word_1_312' title='bbox 1087 4160 1147 4221; x_wconf 82' lang='grc' dir='ltr'>Ατ.</span> <span class='ocrx_word' id='word_1_313' title='bbox 1177 4180 1205 4220; x_wconf 85' lang='lat' dir='ltr'>v.</span> <span class='ocrx_word' id='word_1_314' title='bbox 1225 4158 1321 4231; x_wconf 85' lang='grc'>1588,</span> 
     </span>
    </p>
   </div>
   <div class='ocr_carea' id='block_1_3' title="bbox 148 4263 1322 4424">
    <p class='ocr_par' dir='ltr' id='par_1_5' title="bbox 148 4263 1322 4424">
     <span class='ocr_line' id='line_1_36' title="bbox 148 4263 1322 4346; baseline 0.001 -22"><span class='ocrx_word' id='word_1_315' title='bbox 148 4284 240 4345; x_wconf 89' lang='lat' dir='ltr'>quem</span> <span class='ocrx_word' id='word_1_316' title='bbox 275 4285 400 4345; x_wconf 88' lang='lat' dir='ltr'>prorsus</span> <span class='ocrx_word' id='word_1_317' title='bbox 433 4264 582 4345; x_wconf 82' lang='grc' dir='ltr'><em>ἀμέτρως</em></span> <span class='ocrx_word' id='word_1_318' title='bbox 615 4263 748 4346; x_wconf 86' lang='lat' dir='ltr'>legimus</span> <span class='ocrx_word' id='word_1_319' title='bbox 779 4265 813 4326; x_wconf 91' lang='lat' dir='ltr'>in</span> <span class='ocrx_word' id='word_1_320' title='bbox 846 4265 1018 4343; x_wconf 87' lang='lat' dir='ltr'>oodioibus,</span> <span class='ocrx_word' id='word_1_321' title='bbox 1052 4285 1124 4328; x_wconf 86' lang='lat' dir='ltr'>oum</span> <span class='ocrx_word' id='word_1_322' title='bbox 1156 4264 1322 4328; x_wconf 85' lang='lat' dir='ltr'>Ravennas</span> 
     </span>
     <span class='ocr_line' id='line_1_37' title="bbox 1145 4373 1162 4424; baseline 0 0"><span class='ocrx_word' id='word_1_323' title='bbox 1145 4373 1162 4424; x_wconf 86' lang='grc'>2</span> 
     </span>
    </p>
   </div>
   <div class='ocr_carea' id='block_1_4' title="bbox 0 0 1475 4974">
    <p class='ocr_par' dir='ltr' id='par_1_6' title="bbox 0 0 1475 4974">
     <span class='ocr_line' id='line_1_38' title="bbox 0 0 1475 4974; baseline 0 0"><span class='ocrx_word' id='word_1_324' title='bbox 0 0 1475 4974; x_wconf 95' lang='lat' dir='ltr'> </span> 
     </span>
    </p>
   </div>
  </div>
 </body>
</html>
