2940 4974
622 344 839 406 -30-

233 536 306 602 Jam
330 537 478 602 accedens
502 537 540 599 ad
564 535 733 602 solutiones
749 537 982 613 examinandas,
1007 558 1141 619 quarum
1165 536 1199 599 in
1222 535 1324 600 altera

145 645 267 729 syllaba
291 644 414 728 longius
430 645 618 708 terminatur
634 644 830 722 vocabulum,
854 644 932 707 illud
954 643 1033 708 mihi
1053 644 1322 726 praemonendum

145 772 209 814 esse
224 752 358 829 videtur,
370 751 467 815 talem
482 751 579 834 hujus
594 750 681 834 pedis
696 750 836 813 solvendi
851 750 1005 814 rationem
1022 771 1058 813 eo
1076 749 1176 832 magis
1192 748 1321 825 habere,

145 858 178 920 in
202 879 264 940 qua
288 858 491 935 offendamus,
515 880 585 921 cum
609 857 850 939 semiquinariae
874 878 1019 920 caesurae
1045 856 1181 919 maxime
1204 876 1322 938 repug-

146 969 237 1042 nent,
270 987 365 1048 quam
399 966 437 1029 ad
471 965 556 1046 pedis
587 964 756 1028 solutiones
789 985 852 1027 non
885 964 1051 1027 minimum
1083 962 1216 1026 valuisse
1247 962 1323 1026 inde

146 1069 266 1134 elucere
290 1071 367 1134 mihi
383 1073 515 1148 videtur,
540 1072 624 1154 quod
647 1071 742 1153 longe
766 1070 902 1133 maxima
924 1092 996 1152 pars
1011 1070 1218 1154 dactylorum,
1243 1090 1322 1153 quos

146 1178 238 1241 modo
265 1179 478 1256 tractavimus,
508 1178 676 1241 divisorum
704 1177 750 1240 ita
774 1181 820 1240 est
848 1177 1055 1255 conformata,
1082 1168 1177 1240 utin
1205 1177 1322 1258 longae

145 1285 213 1348 loco
243 1286 427 1348 terminetur
458 1284 582 1367 longius
610 1284 798 1348 vocabulum
826 1289 919 1366 atque
951 1283 1037 1366 prior
1069 1284 1171 1347 brevis
1198 1281 1322 1367 syllaba

146 1414 246 1475 paene
277 1392 309 1454 in
343 1391 488 1455 omnibus
522 1392 650 1454 omnino
683 1390 891 1454 solutionibus
922 1390 1144 1472 conjungenda
1175 1390 1216 1452 sit
1250 1411 1321 1452 cum

145 1503 294 1582 sequente
325 1500 429 1562 verbo.
484 1497 572 1573 Quod
604 1498 678 1580 quia
711 1519 836 1580 prorsus
866 1496 1061 1580 neglegitur,
1093 1518 1163 1560 oum
1195 1496 1321 1579 longius

146 1608 277 1671 verbum
308 1606 341 1669 in
365 1605 464 1668 altera
488 1604 603 1688 dactyli
627 1604 749 1687 syllaba
776 1604 975 1681 terminatur,
1005 1625 1068 1666 non
1100 1624 1225 1684 possum
1257 1624 1320 1665 non

146 1713 295 1794 ejusmodi
312 1712 481 1775 solutiones
498 1712 537 1774 ab
561 1712 651 1774 initio
674 1712 706 1774 in
727 1710 935 1793 suspicionem
954 1732 1072 1774 vocare.
1112 1710 1159 1773 Ac
1182 1708 1320 1791 primum

145 1819 271 1901 quidem
295 1818 374 1881 nulli
391 1818 492 1881 adhuc
516 1818 637 1882 homini
653 1817 761 1881 critico
777 1822 920 1899 suspecta
943 1817 1108 1879 videbatur
1130 1815 1222 1879 lectio
1238 1815 1320 1878 Itan.

148 1947 176 1988 v.
193 1927 276 1989 1436
292 1927 387 2008 ἥντιν’
405 1927 522 2007 ἔχετον,
544 1926 577 1988 in
593 1947 656 2008 quo
674 1947 748 1987 sane
764 1925 891 2007 quidem
908 1923 1024 2008 dactyli
1040 1922 1177 2007 syllabas
1193 1922 1321 1987 elisione

146 2032 317 2096 arctissime
341 2033 507 2096 cohaerere
530 2031 615 2095 haud
638 2052 729 2114 nego.
768 2030 830 2095 Sed
845 2053 918 2095 cum
940 2031 972 2093 in
989 2031 1082 2094 tertio
1103 2031 1181 2112 pede
1197 2027 1321 2093 nullum

146 2159 248 2220 neque
271 2137 424 2201 tribrachi
447 2159 549 2219 neque
573 2138 689 2221 dactyli
704 2137 806 2201 simile
829 2138 1010 2201 inveniatur
1024 2137 1213 2220 exemplum,
1236 2135 1321 2200 haud

146 2245 209 2308 scio
225 2267 264 2306 an
282 2266 351 2308 meo
364 2244 434 2326 jure
450 2243 636 2307 contendam
655 2243 837 2307 concinnius
857 2245 1023 2326 procedere
1039 2265 1145 2307 versus
1165 2264 1321 2320 numeros,

146 2374 217 2415 oum
242 2355 362 2414 mutata
389 2351 555 2414 verborum
584 2350 789 2415 collocatione
816 2350 980 2414 scribimus
1003 2352 1099 2432 ἥντιν’
1117 2351 1225 2432 ἔχετον
1247 2349 1322 2431 περὶ

145 2466 200 2540 τῆς
223 2458 349 2526 πόλεως
373 2458 541 2538 σωτηρίας,
567 2458 657 2520 utin
681 2458 819 2540 primum
843 2458 952 2539 pedem
976 2457 1093 2521 talibus
1112 2456 1322 2521 solutionibus

146 2565 357 2627 abundantem
393 2565 618 2626 transferamus
652 2563 742 2626 illum
778 2564 946 2648 dactylum.
1001 2563 1103 2628 Simul
1136 2564 1321 2646 recepimus,

147 2693 241 2754 quam
256 2668 422 2733 Wecklein
437 2669 471 2733 in
488 2669 595 2733 Museo
612 2669 714 2733 Rben.
728 2668 848 2747 XXIII,
862 2672 925 2733 547
942 2670 1091 2752 proponit
1106 2671 1319 2752 conjecturam

147 2777 307 2859 σωτηρίαν
334 2777 367 2838 in
392 2777 550 2858 σωτηρίας
575 2778 760 2841 mutandum
785 2799 849 2840 esse
877 2775 1083 2859 probabiliter
1106 2776 1228 2840 docens.
1269 2775 1321 2839 Sic

147 2884 244 2948 habes
268 2906 373 2947 versus
397 2889 586 2947 structuram
609 2885 743 2948 similem
767 2906 803 2947 ac
826 2884 859 2946 in
883 2884 942 2947 Av.
965 2906 993 2946 v.
1013 2884 1109 2962 1588,
1132 2905 1225 2966 quem
1248 2905 1320 2947 cnm

147 2991 269 3055 Kookio
297 2991 495 3055 scribendum
527 3013 590 3054 esse
620 2997 767 3074 putamus
791 2990 863 3070 περὶ
892 2997 947 3052 τοῦ
975 2991 1120 3071 πολέμου
1152 2991 1321 3072 διαλλαγῆς

148 3098 202 3177 (ol.
226 3120 299 3181 pag.
319 3099 383 3178 18).

115 3231 116 3234 ¹
237 3205 310 3268 Alia
338 3205 464 3268 insolita
492 3205 524 3267 iu
555 3203 613 3267 boo
641 3205 718 3287 pede
744 3204 833 3267 nobis
862 3208 986 3286 praesto
1009 3208 1056 3266 est
1078 3203 1195 3287 dactyli
1219 3204 1322 3267 forma

147 3311 179 3372 in
203 3310 289 3375 Eocl.
314 3335 342 3373 v.
361 3313 424 3373 532
456 3312 522 3373 ἀλλ’
542 3313 622 3373 ἔστιν
654 3312 792 3373 ἐνταῦθά
824 3336 850 3372 τι
881 3311 995 3387 κακόν,
1027 3334 1122 3394 quam
1154 3311 1321 3376 lectionem

147 3418 336 3500 optimorum
365 3417 507 3480 codicum
535 3420 704 3481 autoritate
734 3417 892 3481 firmatam
924 3419 1081 3500 integram
1105 3418 1262 3500 Bergkius
1290 3423 1322 3483 et

147 3522 328 3587 Dindorfius
356 3524 388 3586 in
417 3528 538 3587 textum
567 3530 760 3605 receperunt.
808 3524 879 3588 dam
911 3525 1030 3606 pridem
1060 3523 1092 3584 in
1121 3525 1207 3587 tertii
1234 3524 1321 3605 pedis

147 3629 300 3694 solutione
331 3629 502 3693 offenderat
526 3630 669 3707 Bothius,
701 3632 754 3714 qui
786 3630 847 3694 levi
880 3631 1039 3713 corrigens
1071 3652 1167 3693 manu
1197 3629 1322 3712 scripsit

149 3736 279 3797 durandi
311 3741 414 3800 cetera
446 3759 550 3800 versus
583 3738 678 3800 verba
711 3738 830 3801 intacta
864 3738 1054 3820 relinquens.
1107 3737 1190 3799 Eum
1221 3736 1321 3800 secuti

147 3848 220 3904 sunt
236 3864 274 3905 ex
291 3844 514 3906 recentioribus
531 3843 701 3907 editoribus
717 3844 892 3909 Meinekius
909 3850 939 3909 et
953 3843 1136 3926 Blaydesius
1152 3841 1248 3905 nescii
1264 3841 1321 3904 tali

147 3949 239 4011 modo
263 3948 424 4012 insolentis
441 3949 558 4032 dactyli
573 3950 641 4013 loco
658 3957 858 4033 anapaestum
883 3951 995 4017 inferri
1010 3951 1043 4012 in
1061 3972 1182 4012 versum
1200 3948 1321 4011 Aristo-

147 4053 289 4136 phaneae
317 4056 533 4119 consuetudini
562 4057 657 4119 etiam
686 4058 786 4139 magis
814 4063 1044 4146 repugnantem
1070 4055 1152 4134 (vide
1181 4055 1322 4136 disputa-

148 4162 263 4223 tionem
282 4161 380 4225 Curtii
398 4162 585 4224 Bernhardii
605 4163 672 4244 jam
695 4165 817 4245 saepius
842 4164 999 4245 citatam).
1040 4161 1156 4223 Eadem
1174 4162 1211 4225 de
1227 4183 1322 4224 causa

149 4269 256 4326 notem
288 4266 402 4328 meruit
429 4265 563 4329 Cobetus
595 4272 625 4329 et
656 4271 708 4350 qui
740 4270 805 4350 ejus
838 4278 1054 4363 conjecturam
1086 4266 1244 4347 amplexus
1276 4273 1323 4331 est
