2940 4974
590 1423 871 1522 Praefatio.

233 1679 389 1744 Trimetro
405 1679 543 1763 jambico
559 1683 679 1744 veteres
694 1683 801 1763 poetas
817 1700 946 1762 graecos
962 1682 1085 1762 praeter
1101 1677 1317 1743 hexametrum

145 1788 282 1852 maximo
306 1809 410 1851 amore
433 1810 503 1852 usos
527 1810 592 1851 esse
614 1788 697 1851 inter
721 1808 827 1851 omnes
851 1789 982 1850 constat.
1030 1785 1090 1850 Sed
1113 1786 1178 1869 ipse
1194 1785 1317 1852 Arche-

144 1892 267 1973 loohus‚
297 1895 350 1977 qui
383 1917 453 1958 eum
483 1895 638 1958 invenisse
665 1895 814 1973 traditur,
844 1893 1004 1957 licentiam
1034 1892 1094 1956 sibi
1124 1893 1255 1957 indulsit
1284 1895 1317 1957 in

145 2001 274 2084 pedibus
297 2001 452 2064 solvendis
475 2002 515 2065 ab
542 2001 724 2065 hexametro
752 1999 844 2082 plane
867 2000 1013 2076 alienam,
1037 2003 1074 2063 ut
1102 1999 1229 2082 longam
1254 1999 1317 2084 syl·

146 2108 251 2172 labam
273 2108 338 2171 ictu
361 2130 538 2190 percussam
562 2109 595 2171 in
614 2109 690 2171 duas
713 2108 821 2171 breves
838 2106 981 2172 solveret.
1023 2107 1128 2189 Atque
1151 2107 1232 2186 inde,
1256 2130 1318 2190 quo

145 2216 238 2279 latius
261 2215 498 2299 propagabatur
518 2215 612 2298 hujus
632 2215 723 2278 metri
740 2236 821 2294 usus,
846 2235 882 2277 eo
898 2213 1027 2277 liberius
1047 2217 1157 2297 politae
1173 2235 1319 2277 numeros

145 2322 325 2386 tractabant
355 2345 391 2387 ao
424 2323 605 2404 praesertim
639 2322 672 2385 in
704 2321 808 2406 longis
839 2320 1042 2386 dissolvendis
1075 2321 1227 2404 majorem
1259 2321 1318 2385 sibi

145 2433 344 2512 sumpserunt
365 2428 556 2493 libertatem.
603 2428 691 2504 Quod
715 2429 838 2512 quidem
863 2428 1108 2492 luculentissime
1132 2431 1262 2512 apparet
1282 2449 1319 2490 ex

146 2537 338 2618 tragicorum
355 2536 448 2619 hujus
463 2557 569 2600 versus
583 2536 740 2599 tractandi
756 2535 886 2599 ratione.
922 2535 1047 2599 Etenim
1061 2557 1131 2599 cum
1145 2533 1319 2618 Aeschylus

146 2643 281 2706 severius
305 2642 407 2708 adhuc
430 2643 514 2707 intra
537 2643 688 2725 pristinae
711 2642 787 2706 artis
809 2641 887 2706 fines
907 2665 939 2706 se
955 2643 1123 2720 contineat,
1148 2640 1320 2725 Sophocles

146 2751 329 2830 praesertim
357 2751 392 2814 in
414 2749 530 2813 fabulis
553 2754 692 2814 extrema
715 2753 819 2814 aetate
842 2749 991 2812 confectis
1014 2750 1107 2813 metri
1131 2748 1318 2813 securiorem

146 2877 178 2919 se
201 2857 330 2937 praebet
352 2861 447 2940 atque
463 2857 628 2939 Euripides
651 2858 684 2920 in
708 2855 827 2920 ultimis
850 2855 966 2919 fabulis
989 2855 1082 2939 plane
1106 2878 1202 2920 novas
1225 2859 1320 2938 atque

147 2963 303 3027 inauditas
329 2963 499 3028 solutiones
527 2964 665 3028 versibus
691 2963 834 3027 intrudit.
882 2962 1039 3027 Maximus
1069 2967 1175 3027 autem
1204 2962 1319 3046 pedum

147 3070 318 3134 solutorum
346 3091 494 3133 numerus
518 3071 654 3135 occurrit
680 3071 712 3133 in
741 3070 932 3134 comicorum
959 3071 1119 3150 trimetria,
1150 3070 1204 3153 qui
1232 3073 1321 3132 tanta

148 3177 293 3242 libertate
316 3199 421 3240 versus
445 3179 630 3256 condebant,
659 3181 694 3241 ut
717 3178 855 3260 genuina
883 3179 1020 3242 trimetri
1047 3179 1150 3244 forma
1173 3200 1320 3243 nonnun-

148 3307 242 3368 quam
279 3305 404 3366 prorsus
439 3288 644 3348 evanesceret.
703 3283 776 3350 Sine
811 3285 906 3349 dubio
940 3285 1007 3368 ejus
1041 3285 1087 3349 rei
1121 3308 1215 3349 causa
1249 3285 1321 3350 inde

148 3393 316 3473 repetenda
339 3394 395 3468 est,
419 3391 502 3474 quod
525 3391 633 3455 comici
657 3395 767 3474 potitae
784 3391 906 3475 vulgari
929 3414 1071 3456 sermone
1091 3392 1322 3456 fabulaacom·

149 3501 320 3581 posuerunt
349 3501 442 3581 atque
471 3498 509 3562 ad
541 3497 713 3562 communis
741 3498 823 3563 vitae
854 3521 1028 3563 sermonem
1058 3522 1153 3582 quam
1186 3499 1322 3563 maxime

148 3605 389 3688 adaequandum
416 3627 523 3669 omnes
550 3606 693 3690 quamvis
721 3605 889 3671 insolentes
920 3606 1089 3671 solutiones
1118 3606 1320 3670 admiserunt.

149 3710 261 3795 Neque
283 3736 357 3778 vero
380 3735 478 3797 usque
502 3736 538 3778 eo
561 3713 679 3778 comica
706 3712 834 3777 licentia
856 3712 1022 3777 meliorum
1046 3717 1128 3777 certe
1157 3717 1322 3796 poetarum

149 3840 312 3902 progressa
329 3824 384 3900 est,
400 3825 436 3884 ut
451 3843 558 3885 omnes
574 3819 716 3904 rhythmi
731 3819 817 3903 leges
833 3818 1086 3902 neglegerentur,
1104 3820 1201 3883 immo
1218 3840 1323 3882 versus

150 3925 356 3990 solutionibus
379 3931 532 3991 scatentes
554 3926 671 4010 ubique
693 3926 872 3990 testimonio
887 3929 971 4004 sunt,
995 3926 1028 3989 in
1051 3925 1190 3989 maxima
1211 3947 1323 3990 nume·

150 4054 257 4096 rorum
292 4032 436 4099 libertate
469 4057 591 4118 semper
622 4033 755 4098 valuisse
788 4034 938 4117 quasdam
973 4032 1193 4097 concinnitatis
1228 4033 1323 4116 leges,

152 4161 227 4222 quas
251 4140 367 4205 violare
394 4142 454 4205 nisi
478 4143 571 4206 certis
594 4140 828 4206 condicionibus
856 4161 896 4204 nc
924 4141 1024 4224 politis
1049 4139 1175 4221 quidem
1199 4127 1347 4204 comicis

151 4267 291 4328 unquam
312 4246 410 4311 licuit.
450 4247 538 4323 Quod
554 4248 671 4332 optime
693 4247 879 4331 perspicitur
900 4269 938 4312 ex
954 4246 1176 4328 Aristophanis
1199 4245 1325 4310 fabulis.

1130 4353 1165 4407 l*
