2940 4974
667 325 885 387 ..10-

190 521 245 597 sit,
275 521 419 604 equidem
451 497 587 604 recipere
619 543 682 585 non
712 521 830 585 dubito.
878 520 990 604 Neque
1021 522 1121 605 magis
1154 522 1281 586 ferenda
1314 528 1360 587 est

190 627 303 691 solutio
327 650 420 710 quam
448 629 481 691 in
505 628 681 711 Vesparum
704 652 734 692 v.
752 630 815 693 853
841 629 961 693 codices
985 629 1006 694 S
1031 635 1062 693 ct
1085 629 1115 693 V
1139 629 1291 712 praebent
1314 632 1360 694 ὅτι

190 733 410 817 ὑπελαθόμην.
449 736 547 799 Recta
563 736 709 799 nimirum
726 738 881 819 scriptura
897 735 1010 800 codicis
1026 734 1055 798 R
1070 735 1147 818 cirris
1160 736 1359 819 πελαθόμην.

279 859 440 925 Postremo
464 863 638 926 accuratius
661 861 885 926 examinandus
908 865 955 924 est
977 859 1058 925 Ach.
1084 883 1112 924 v.
1133 862 1216 924 1023
1239 861 1359 938 adalam

191 965 265 1043 ἀπό,
293 967 325 1029 in
349 967 436 1050 cujus
459 968 550 1031 initio
574 969 599 1032 si
623 968 725 1032 adhuc
749 971 832 1032 recto
860 968 1003 1031 homines
1026 966 1140 1050 docti¹)
1165 967 1361 1031 tribrachum

190 1076 369 1156 posuerunt,
392 1077 460 1137 tota
483 1078 588 1138 nostra
611 1075 808 1139 ratiocinatio
832 1074 976 1152 concidit,
1001 1096 1063 1157 qua
1079 1074 1178 1137 altera
1198 1073 1360 1138 solutionis

189 1179 310 1264 syllaba
337 1202 408 1244 oum
438 1181 531 1245 tertia
558 1204 679 1266 semper
708 1185 792 1246 arcte
821 1182 986 1245 cohaereat
1015 1180 1218 1262 postulamus
1266 1180 1360 1264 Cujus

189 1286 342 1350 tribrachi
365 1287 465 1353 similo
490 1289 666 1371 exemplum
691 1311 761 1352 curn
785 1310 840 1371 per
864 1309 969 1352 omnes
993 1286 1215 1370 Aristophanis
1238 1287 1361 1351 fabulas

190 1415 286 1455 unum
319 1397 443 1457 tantum
474 1396 660 1478 reperiatur,
692 1396 726 1458 in
755 1398 867 1478 quarto
897 1395 976 1476 pede
1000 1394 1084 1483 Pluti
1108 1416 1211 1457 versus
1230 1395 1293 1458 838
1325 1393 1359 1457 εὗ

191 1498 251 1561 οἷδ’
269 1500 328 1561 b'rr‘
351 1501 472 1584 κομιδὴ
496 1501 557 1584 μὲν
573 1499 640 1576 οὖν,
664 1525 727 1566 uno
751 1503 788 1566 de
812 1501 932 1566 duobus
956 1502 1094 1565 versibus
1117 1501 1267 1584 suffragio
1291 1524 1360 1565 sen·

189 1606 322 1669 tentiam
346 1608 428 1671 ferre
452 1609 490 1673 ad
514 1631 580 1672 rem
600 1609 667 1692 jam
694 1609 841 1673 hocloco
865 1609 1090 1673 conficiendam
1113 1609 1191 1671 mihi
1215 1609 1360 1672 idoneum

189 1714 321 1778 videtur.
367 1713 418 1777 Ex
441 1714 648 1779 solutionibus
671 1716 772 1781 adhuc
799 1716 903 1780 allatis
927 1715 1028 1780 elucet
1055 1714 1110 1778 illa
1134 1714 1243 1798 regula
1266 1737 1359 1798 quam

189 1821 223 1885 in
239 1821 349 1886 ceteris
364 1843 488 1905 quoque
503 1823 634 1905 pedibus
657 1823 790 1905 probare
807 1823 987 1905 poterimus,
1012 1823 1258 1905 Aristophanem
1275 1822 1360 1886 omni

189 1929 291 1992 studio
319 1929 350 1993 id
374 1930 529 1994 curavisse
557 1952 597 1995 ne
620 1930 758 2014 syllabae
787 1932 894 1994 breves
920 1930 1035 2012 longae
1062 1929 1130 1994 loco
1157 1929 1275 2012 positae
1299 1950 1360 2012 quo

189 2036 282 2100 modo
310 2035 527 2100 dilacerentur.
574 2036 733 2101 Nimirum
764 2042 874 2121 politae
906 2036 1043 2101 studium
1072 2058 1108 2100 co
1140 2037 1297 2113 tendebat,
1326 2040 1362 2099 ut

190 2144 251 2207 duo
274 2143 381 2207 brevia
404 2147 546 2226 tempora
570 2144 683 2227 longae
706 2144 845 2228 syllabae
869 2144 1026 2226 explentia
1049 2143 1184 2227 spatium
1210 2143 1298 2206 nulla
1321 2163 1360 2206 no

189 2250 321 2313 minima
344 2250 469 2332 quidem
493 2272 581 2315 mora
609 2252 771 2315 interiecta
795 2272 858 2313 uno
882 2255 990 2314 tenore
1013 2251 1137 2314 recitari
1166 2254 1301 2332 possent,
1331 2254 1361 2313 et

189 2357 319 2440 proinde
351 2380 498 2422 numerus
519 2358 685 2442 ‘jambicus
717 2358 861 2423 omnibus
895 2359 1025 2440 pedibus
1059 2358 1240 2440 perspicuus
1273 2361 1360 2420 esset.

190 2463 278 2539 Quod
302 2486 373 2528 cum
396 2465 441 2528 ita
463 2467 504 2530 sit
527 2469 559 2529 et
582 2487 652 2529 cum
677 2467 717 2530 ob
734 2488 801 2529 eam
818 2487 942 2530 causam
965 2466 999 2528 in
1022 2467 1195 2529 sententiae
1213 2469 1361 2529 contextu

105 2555 108 2559 ‚
190 2574 356 2636 verborum
386 2573 473 2637 nullo
505 2573 630 2638 vinculo
662 2572 870 2637 cohibitorum
903 2573 1086 2655 compositio
1119 2573 1250 2650 vitetur,
1282 2593 1359 2654 quo-

191 2680 282 2743 modo
306 2680 380 2745 ferri
405 2681 501 2763 possit
516 2681 704 2758 tribrachus
729 2681 816 2762 cujus
840 2679 938 2744 altera
962 2679 1084 2764 syllaba
1100 2684 1131 2744 et
1153 2680 1246 2743 tertia
1262 2681 1360 2743 inter·

190 2789 359 2870 punctione
387 2788 559 2870 disjunctae
587 2788 659 2865 sint,
688 2809 768 2870 quae
795 2808 998 2869 personarum
1027 2786 1238 2850 vicissitudine
1265 2786 1360 2851 etiam

191 2895 318 2976 gravior
348 2899 380 2959 et
410 2894 570 2958 molestior
601 2895 733 2958 evadat?
778 2892 890 2976 ltaque
918 2894 984 2977 jam
1015 2892 1182 2956 Elmsleius
1213 2893 1250 2956 de
1281 2894 1360 2958 Ach.

187 3023 296 3090 *versus
323 3001 443 3066 medela
467 3001 629 3085 cogitabat
657 3005 750 3084 atque
778 2999 927 3084 parvulae
955 2999 1129 3084 particulae
1157 2999 1294 3064 subsidio
1322 3001 1360 3064 ad

190 3130 314 3173 versum
345 3109 574 3173 emendandum
607 3109 721 3187 utitur,
754 3130 825 3172 cum
858 3108 1006 3190 proponit
1037 3106 1141 3168 πόθεν
1174 3106 1211 3168 δ’.
1263 3107 1361 3191 Atqui

190 3216 312 3294 horum,
337 3217 374 3280 de
398 3216 510 3300 quibus
534 3216 667 3300 agimus,
692 3238 836 3280 versuum
860 3216 1014 3299 scriptura
1037 3215 1102 3277 fere
1118 3213 1260 3278 omnium
1276 3215 1360 3279 codi-

190 3345 263 3387 cum
278 3324 447 3388 autoritate
463 3322 508 3387 ita
523 3324 649 3387 firmata
664 3325 719 3401 est,
736 3327 772 3384 ut
787 3324 824 3386 de
839 3322 982 3401 lectione,
1001 3344 1095 3405 quam
1111 3320 1185 3384 libri
1201 3321 1360 3398 exhibent,

190 3431 336 3495 dubitare
359 3454 420 3495 non
446 3431 556 3495 ausim.
603 3428 715 3513 Itaque
738 3429 801 3493 alia
828 3428 1057 3512 interpretandi
1080 3428 1131 3491 via
1156 3428 1361 3511 ingredienda

190 3542 237 3602 est
267 3544 298 3602 et
329 3538 471 3622 equidem
506 3539 573 3620 ipsa
607 3537 858 3620 interpunctione
892 3559 961 3600 eam
996 3536 1085 3599 nobis
1120 3535 1240 3598 ostendi
1274 3538 1360 3618 puto.

190 3645 268 3711 (lum
301 3647 383 3709 enim
416 3645 620 3710 concludatur
651 3648 720 3728 post
751 3643 883 3708 alteram
913 3642 1068 3728 syllabam
1100 3642 1270 3719 sententia,
1302 3642 1361 3706 ali·

191 3753 340 3836 quamdiu
371 3753 501 3815 dubium
532 3774 595 3815 esse
627 3755 743 3833 potest,
775 3755 880 3814 utrum
912 3750 991 3816 haec
1022 3749 1121 3812 altera
1151 3747 1272 3831 syllaba
1304 3770 1362 3830 pro

190 3860 287 3944 longa
310 3881 351 3922 an
374 3881 431 3941 pro
455 3859 541 3923 brevi
564 3859 713 3922 sumenda
736 3859 785 3921 sit.
832 3857 905 3922 Jam
929 3859 1006 3942 quid
1031 3854 1169 3938 impedit,
1193 3855 1269 3937 quin
1293 3877 1360 3919 eam

190 3966 286 4049 ipsius
310 3966 571 4048 interpunctionis
586 3966 618 4029 vi
634 3965 747 4048 longae
770 3965 891 4049 pondus
907 3963 1034 4052 assequi
1049 3963 1239 4024 statuamus?
1274 3961 1362 4036 Quod

191 4073 273 4135 enim
297 4073 475 4155 saepissime
503 4073 536 4135 in
559 4094 664 4137 versus
687 4071 750 4137 fine
778 4073 868 4137 nobis
891 4074 1047 4147 occurrit,
1070 4072 1105 4132 ut
1126 4066 1234 4130 ultima
1262 4067 1362 4132 brevis

191 4217 402 4224 -..----.-.

283 4283 303 4356 ¹)
323 4287 356 4340 cf.
376 4287 477 4354 Christ,
497 4287 599 4343 Metrik
619 4287 667 4342 dar
686 4285 824 4343 Griechcu
843 4287 900 4341 und
922 4289 1047 4353 Romen,
1064 4283 1161 4338 8136.
