2940 4974
597 318 797 379 ..5-

109 534 147 575 ex
170 510 391 594 Aristophanis
413 512 619 576 solutionibus
648 511 784 576 rationes
812 512 914 589 elicui,
945 513 1176 577 emendationes
1204 536 1284 577 non·

108 619 212 682 nullas
235 620 275 682 ab
293 618 523 702 Aristophanes
546 618 769 682 consuetudine
785 618 989 682 abhorrentes
1010 619 1156 697 refutavi,
1181 620 1283 702 ipsum

108 729 233 806 poetam
264 727 297 788 in
331 727 468 789 maxima
502 725 647 789 libertate
680 725 848 787 maximam
884 725 1079 808 diligentiam
1113 726 1283 790 servavisse

109 832 239 895 ostendi.
279 832 366 907 Quod
384 832 486 915 quoad
503 832 624 914 exiguis
641 831 716 894 meis
733 831 851 894 viribus
867 832 1046 914 contigerit,
1064 831 1115 894 alii
1129 833 1282 915 judicent,

108 942 202 1020 atque
225 939 250 1000 si
274 938 349 1022 quid
373 937 549 1002 inconsulto
566 938 665 1014 omisi,
690 937 864 1020 ignoscant,
889 959 959 1000 cunr
983 940 1073 1000 tanta
1091 938 1281 1002 solutionum

109 1044 204 1107 moles
232 1044 402 1127 digerenda
430 1049 524 1128 atque
552 1043 725 1108 ordinanda
756 1044 862 1122 fuerit,
894 1048 929 1107 ut
956 1046 1099 1126 quamvis
1127 1046 1283 1109 subtiliter

108 1173 174 1215 rem
197 1151 409 1233 inquirentem
432 1172 532 1232 pauca
556 1172 605 1214 me
629 1150 745 1234 fugisse
770 1173 832 1213 non
856 1151 971 1214 mirum
995 1152 1046 1215 sit.

198 1275 327 1339 Praeter
349 1275 445 1338 libros
468 1297 563 1358 supra
586 1274 697 1339 citatos
722 1276 898 1339 examinavi
922 1275 993 1339 hos:

108 1418 210 1472 Gottfr.
229 1417 380 1480 Hermann,
404 1417 547 1486 ,Epitome
567 1418 710 1472 doctrinae
730 1415 890 1483 metricae‘,
910 1417 953 1472 ed.
972 1416 1019 1470 IV.

108 1506 209 1572 Christ,
232 1507 351 1571 „Metrilr
370 1507 418 1560 der
437 1507 574 1561 Griechen
592 1507 650 1560 und
670 1505 797 1572 Rome&
818 1507 860 1561 ed.
879 1506 914 1560 ΙΙ.

106 1596 258 1660 Rossbach,
281 1596 474 1659 ,Griechische
492 1594 622 1660 netum,
643 1597 685 1652 ed.
705 1597 752 1649 ΙΙΙ.

108 1684 172 1738 Cart
185 1685 289 1739 Friedr.
303 1685 411 1751 Muller,
435 1686 488 1749 ,De
508 1685 625 1754 pedibus
646 1685 744 1740 solutis
763 1684 793 1737 in
812 1684 988 1752 dialogorum
1008 1683 1124 1736 senariis
1140 1683 1281 1751 Aeschyli,

197 1774 350 1843 Sophoclis,
370 1772 536 1842 Euripidis“,
557 1774 628 1827 Berl.
649 1776 725 1828 1866,

107 1863 236 1932 Rumpel,
260 1863 325 1928 ,Die
344 1863 539 1930 Auflo'sungen
562 1863 601 1916 im
620 1863 758 1918 Trimeter
781 1863 829 1917 des
848 1861 1004 1929 Aeschylus
1027 1860 1084 1915 und
1104 1858 1281 1929 Sophocles“,

196 1953 297 2007 Philol.
316 1952 402 2017 XXV,
427 1970 452 2021 p.
472 1954 587 2005 54-66.

107 2041 208 2108 Enger,
229 2041 327 2095 Rhein.
346 2041 416 2094 Mus.
436 2040 483 2104 Xl,
503 2059 529 2109 p.
549 2043 603 2094 444
622 2058 682 2108 sqq.

107 2130 223 2195 Seidler,
246 2131 301 2196 ,De
321 2131 445 2185 versibus
465 2130 633 2185 dochmiecis
652 2131 824 2199 tragicorum
844 2127 1040 2196 Graecorum'.

107 2219 206 2286 Reisig
226 2219 365 2286 ,Conject
383 2219 414 2272 in
433 2217 589 2287 Aristoph.“

107 2308 244 2373 Meinelre,
266 2308 428 2373 ,Vindiciae
448 2305 671 2377 Aristophanis‘.

108 2397 258 2462 Fritzsche,
281 2398 501 2461 ,Annotationes
521 2397 555 2452 de
574 2397 701 2451 trimetro
721 2394 840 2450 oomim‘
857 2397 887 2451 in
905 2396 999 2451 indice
1017 2395 1168 2450 lectionum
1184 2395 1280 2448 Rosto·

198 2486 351 2540 chiensinm
372 2489 437 2541 1831
459 2503 509 2555 per
527 2503 593 2539 sem.
612 2484 670 2538 hib.
689 2484 779 2540 habit.

108 2573 214 2638 Preuss,
237 2574 291 2638 ,De
310 2575 413 2629 senarii
432 2576 525 2642 graeci
544 2571 691 2628 caesuris“.

107 2661 170 2717 Alb.
191 2663 325 2728 Schmidt,
349 2664 403 2729 ,De
423 2681 537 2718 caesura
555 2663 648 2718 media
667 2661 697 2715 in
715 2661 883 2717 Graecorum
902 2663 1031 2718 trimetro
1046 2658 1196 2730 jambico“.

196 2750 373 2806 Editionibus
387 2770 451 2807 usus
465 2770 526 2805 sum
536 2751 680 2816 Dindorfii,
693 2751 800 2817 Kockii,
811 2753 933 2818 Velseni,
947 2752 1097 2821 Blaydesii,
1113 2748 1294 2804 Leeuvvenii..
