2940 4974
693 332 891 398 ..4-

204 528 234 596 Is
258 533 341 598 enim
369 514 484 614 pedum
511 531 729 596 solvendorum
757 535 847 595 tanta
878 554 948 595 usus
976 537 1022 596 est
1048 532 1185 612 licentia,
1214 537 1250 596 ut
1276 556 1374 617 paene

165 686 174 699 ,
204 638 298 702 nullis
325 661 356 702 se
385 637 560 703 cohibuisse
585 638 726 703 videatur
753 637 879 701 finibus.
926 636 1111 702 Novissimis
1142 639 1266 702 demum
1294 644 1374 702 tem·

203 745 330 827 poribus
364 743 538 808 accuratius
573 744 689 827 inquiri
725 747 869 826 coeptum
902 749 963 823 est,
998 767 1150 828 quasnam
1184 744 1373 809 solutionum

203 852 318 915 formas
349 849 485 914 maxime
516 850 669 914 amaverit
700 854 755 913 aut
785 849 942 915 vitaverit.
989 850 1095 935 Atque
1124 850 1248 916 Curtius
1275 851 1373 914 Bern-

201 959 303 1041 hardy
326 957 450 1040 quidem
474 957 506 1019 in
530 957 753 1039 disceptatione
782 957 837 1035 „de
860 957 1063 1022 incisionibus
1083 959 1243 1040 anapaesti
1264 959 1374 1023 comici

202 1062 412 1128 Graecorum“
445 1063 541 1146 (Acta
572 1065 728 1128 societatis
759 1062 868 1146 philol.
899 1064 1068 1148 Lipsiensis
1084 1063 1109 1144 I,
1128 1067 1190 1128 245
1223 1065 1304 1148 sqq.)
1337 1066 1374 1128 de

201 1178 440 1253 anapaestorum
473 1194 531 1235 usu
564 1173 789 1236 accuratiorem
825 1170 1071 1253 disquisitionem
1106 1171 1244 1234 instituit
1280 1177 1373 1254 atque

200 1278 379 1357 solutiones,
405 1300 539 1361 quarum
563 1277 665 1343 adhuc
688 1280 746 1342 sub
765 1278 870 1361 judice
893 1277 931 1341 lis
954 1282 1030 1354 erat,
1062 1278 1102 1342 ad
1125 1282 1225 1342 certas
1248 1299 1373 1341 normas

199 1385 331 1469 redegit.
380 1385 499 1449 Deinde
522 1384 664 1450 homines
688 1386 771 1450 docti
795 1385 939 1448 dubitare
962 1389 1143 1467 coeperunt,
1170 1406 1245 1448 num
1268 1384 1372 1449 feren-

200 1491 231 1553 di
255 1495 357 1555 essent
380 1492 462 1576 apud
487 1492 731 1575 Aristophanem
754 1493 834 1556 ictus
863 1492 896 1555 in
926 1491 1045 1555 ultimis
1068 1491 1247 1574 longiorum
1281 1513 1372 1554 voca·

200 1597 345 1662 bulorum
369 1598 506 1683 syllabis
556 1600 678 1663 Primus
701 1601 735 1663 in
760 1599 818 1662 hac
841 1621 874 1661 re
893 1597 1036 1681 Engerus
1053 1597 1273 1680 Aristophanis
1298 1620 1371 1662 con-

199 1706 395 1771 suetudinem
426 1728 533 1770 eruere
563 1711 692 1770 conatus
723 1710 777 1770 est·
799 1705 845 1788 (in
879 1704 1145 1788 disputatiuncula
1178 1704 1261 1783 „Der
1288 1704 1371 1769 Ictus

199 1811 256 1874 auf
276 1812 330 1876 der
353 1813 471 1877 kurzen
495 1813 608 1877 ultima
629 1815 712 1878 eines
736 1812 961 1896 mehrsilbigen
981 1811 1106 1875 Wortes
1126 1812 1169 1874 im
1189 1812 1371 1876 homischen

198 1917 369 1996 Trimetcr‚
398 1918 479 1982 Mus.
504 1919 607 1983 Rhen.
625 1918 712 1997 XIX,
732 1920 794 1982 134
815 1917 914 2002 sqq),
942 1918 994 1982 sed
1023 1940 1093 1983 cum
1122 1917 1274 1981 nonnulla
1302 1940 1371 1981 eum

197 2025 339 2108 fugerint
355 2025 507 2109 exempla,
532 2048 644 2090 manca
660 2031 706 2090 est
721 2027 788 2109 ejus
805 2026 946 2109 quaestio
966 2047 1068 2108 neque
1084 2023 1240 2088 erroribus
1260 2024 1370 2103 libera,

198 2154 275 2215 quos
303 2154 359 2214 per
382 2132 630 2216 disquisitionem
659 2155 761 2197 meam
784 2133 847 2196 suis
876 2132 950 2196 locis
974 2132 1130 2214 detegam.
1177 2131 1224 2194 Dc
1252 2131 1371 2195 cunctis

198 2238 418 2321 Aristophanis
433 2238 641 2302 solutionibus
664 2239 783 2322 primus
800 2239 1015 2322 quaestionem
1035 2238 1171 2301 instituit
1187 2236 1371 2320 Rumpelius

199 2342 244 2425 (in
268 2345 429 2409 Leutschii
452 2345 620 2429 Philologo
636 2344 788 2425 XXVIII,
806 2347 870 2410 599
892 2345 975 2428 sqq.)
999 2346 1050 2408 sed
1079 2347 1135 2423 ita,
1163 2349 1198 2408 ut
1225 2367 1370 2409 numeros

197 2453 298 2535 magis
313 2452 504 2516 solutionum
522 2475 617 2536 quam
636 2453 776 2518 solvendi
798 2454 952 2517 rationem
976 2455 1233 2534 perscrutaretur.
1273 2451 1370 2515 Deni-

196 2581 257 2642 que
288 2561 560 2623 commemoranda
592 2564 638 2623 est
660 2559 847 2643 Widegreni
872 2557 1076 2641 Upsaliensus
1109 2557 1279 2640 disputatio
1314 2557 1370 2637 „de

196 2686 326 2729 numero
350 2669 382 2728 et
410 2666 658 2730 conformatione
685 2666 800 2749 pedum
827 2665 999 2730 solutorum
1030 2665 1062 2728 in
1092 2665 1223 2729 senariis
1247 2664 1369 2728 Aristo-

195 2771 345 2856 phaneis¹‘
380 2770 542 2854 (Upsaliae
574 2772 684 2855 1868).
736 2772 796 2837 Hic
827 2794 951 2856 quoquc
982 2771 1098 2835 similes
1130 2776 1255 2835 tantum
1284 2793 1369 2835 com·

196 2900 314 2960 ponens
337 2878 505 2944 solutiones
518 2879 656 2963 aliquam
680 2902 718 2944 ex
734 2879 956 2962 Aristophanis
979 2877 1095 2942 fabulis
1118 2879 1257 2942 solvendi
1272 2879 1369 2942 ratio·

195 3008 267 3050 nem
291 2984 474 3050 eliciendam
502 2986 571 3050 aliis
595 2986 706 3064 tradit3
736 2990 898 3068 praeterea
925 2984 1065 3068 dactylos
1093 2985 1126 3049 in
1155 2985 1368 3068 quaestionem

194 3113 258 3155 non
292 3096 392 3155 vocat.
447 3091 643 3176 Quamquam
677 3093 711 3157 hi
742 3092 824 3156 docti
854 3094 922 3176 jam
953 3091 1088 3156 multum
1120 3093 1261 3156 laborem
1293 3115 1368 3156 con·

193 3202 391 3281 sumpserant
417 3199 449 3262 in
474 3197 707 3283 Aristophaneo
736 3204 836 3263 metro
865 3201 1086 3282 pertractando
1114 3204 1209 3282 atque
1237 3199 1368 3263 interius

194 3306 424 3388 cognoscendo,
455 3310 562 3371 tamen
593 3329 664 3371 cum
695 3305 758 3370 alia
785 3306 879 3370 etiam
909 3311 1073 3370 manerent
1101 3307 1195 3370 dubia
1226 3328 1368 3389 novaque

194 3417 409 3508 exspeqtarent
436 3415 553 3492 studia,
584 3413 646 3476 alia
674 3412 722 3477 vel
753 3413 846 3476 nimis
877 3414 1024 3476 audacter
1054 3412 1103 3476 vel
1134 3433 1259 3495 prorsus
1290 3413 1367 3476 false

194 3517 272 3581 mihi
304 3520 483 3583 viderentur
518 3520 735 3602 pronuntiata,
770 3540 883 3602 operae
914 3520 1052 3603 pretium
1085 3541 1148 3583 esse
1182 3520 1367 3598 existimavi,

194 3625 294 3690 denuo
318 3648 384 3689 rem
408 3648 503 3709 quam
526 3625 663 3689 maxima
687 3625 852 3708 diligentia
875 3631 1067 3709 pertractare
1091 3630 1186 3708 atque
1212 3626 1366 3709 imprimis

192 3730 391 3816 investigare,
405 3732 593 3815 quibusnam
609 3733 844 3797 condicionibus
857 3732 1084 3817 Aristophanes
1100 3732 1215 3816 longae
1230 3733 1366 3818 syllabas

193 3839 313 3902 duobus
336 3839 438 3903 verbis
461 3840 599 3904 tribuere
622 3840 681 3903 sibi
710 3841 896 3922 permiserit.
944 3840 1091 3924 Namque
1120 3841 1279 3922 usquead
1307 3841 1365 3904 hoc

192 3949 321 4028 tempus
337 3945 371 4008 in
393 3945 634 4029 Aristophaneis
661 3945 737 4010 locis
761 3948 964 4013 emendandis
988 3947 1123 4010 maxime
1146 3968 1182 4010 eo
1210 3951 1364 4029 peccatur,

192 4051 275 4134 quod
299 4052 382 4115 hunc
406 4056 532 4135 politam
555 4073 662 4116 omues
685 4053 824 4119 omnium
849 4076 1003 4138 generum
1021 4053 1188 4116 solutiones
1211 4053 1271 4116 sibi
1294 4075 1364 4135 per·

180 4157 309 4222 'misisse
332 4181 433 4241 neque
449 4158 593 4243 rhythmi
615 4159 766 4241 majorem
782 4183 891 4227 curam
912 4160 1059 4229 habuisse
1081 4159 1219 4223 homines
1237 4159 1364 4242 quidam

191 4265 274 4328 docti
297 4265 486 4329 existimant.
534 4267 639 4348 Atque
662 4267 737 4330 satis
761 4270 953 4350 praestitisse
982 4267 1057 4332 mihi
1082 4266 1194 4344 videor,
1218 4266 1243 4328 si
1266 4269 1365 4328 certas
