2940 4974
621 288 841 357 ὸ34..

145 484 320 566 proximam
350 482 540 564 superiorem
570 482 724 567 syllabam
758 482 903 565 produci,
935 483 1009 568 quid
1037 485 1185 567 impedit,
1213 508 1254 549 ne
1281 485 1323 548 ad

145 613 260 670 versus,
290 593 327 655 de
351 590 464 673 quibus
487 588 539 654 hic
562 590 696 672 agimus,
725 589 806 654 idem
830 591 1011 670 referamus,
1038 596 1074 656 ut
1096 614 1199 676 neque
1222 593 1324 675 scrip·

146 702 250 763 turam
273 699 427 762 librorum
450 701 572 761 mutare
594 719 745 780 cogamur
768 703 798 762 11
821 700 944 763 numeri
967 694 1130 781 eleganter
1151 698 1323 782 profluant.

146 803 216 868 Huc
250 806 410 888 pertinent
444 800 525 868 Aah.
561 826 591 868 v.
615 804 657 869 47
694 802 761 867 ἀλλ’
785 804 961 876 ἀθάνατος·
997 800 1015 869 ό
1050 804 1111 888 γὰρ
1143 799 1325 888 Ἀμφίθεος

147 911 318 994 Δήμητρος
346 911 396 994 ἦν,
427 926 456 974 v'.
475 908 539 975 928
568 912 678 993 ὥσπερ
707 912 861 993 κέραμον,
892 907 942 976 ἵνα
969 904 1015 995 μὴ
1044 918 1167 996 καταγῇ
1196 912 1324 994 φορού-

146 1042 253 1101 μενος,
285 1019 370 1082 ΕααΙ.
394 1041 424 1083 1.
442 1019 505 1082 315
531 1019 586 1082 καὶ
608 1016 791 1100 θοίμάτιον·
821 1019 872 1082 ὅτε
902 1018 941 1102 δὴ
971 1020 1000 1083 δ’
1018 1020 1119 1083 ἐκεῖνο
1144 1018 1324 1103 ψηλαφῶν,

147 1124 205 1189 Ar.
223 1148 252 1189 v.
272 1126 334 1190 108
358 1124 500 1189 ποδαπὼ
516 1125 551 1188 τὸ
568 1126 673 1207 γένος
692 1123 795 1189 Ὅθεν
811 1122 844 1189 αἱ
858 1127 995 1208 τριήρεις
1011 1127 1044 1189 αῖ
1058 1124 1163 1205 καλαί,
1187 1146 1325 1211 quorum

147 1255 291 1296 versuum
318 1233 473 1316 scriptura
501 1232 642 1297 omnium
669 1233 809 1297 codicum
833 1235 1001 1298 autoritate
1028 1234 1074 1297 ita
1096 1233 1237 1298 stabilita
1266 1237 1324 1312 est,

148 1340 274 1423 atquin
297 1339 376 1403 haec
399 1341 440 1403 sit
455 1341 594 1423 genuina
609 1339 711 1404 forma
730 1344 856 1404 nonest
875 1334 959 1424 quod
979 1335 1165 1404 dubitemne.
1206 1338 1325 1416 Quodsi

148 1445 458 1529 proceleusmaticum
482 1468 583 1530 neque
602 1446 703 1528 jambi
720 1463 821 1530 neque
836 1445 975 1510 trochaei
991 1444 1090 1510 vicem
1107 1449 1214 1512 tenere
1234 1467 1325 1529 posse

147 1553 321 1635 putandum
338 1557 394 1630 est,
419 1575 523 1618 nonne
546 1556 653 1616 nostro·
672 1553 743 1636 jure
760 1575 797 1616 ex
821 1551 1073 1635 interpunctione
1089 1555 1324 1618 excusationem

147 1660 291 1743 petimus,
314 1681 385 1724 cum
402 1655 616 1724 contendimus
634 1655 829 1724 tribrachum
849 1654 1111 1742 interpunctionis
1129 1654 1324 1743 insequentis

147 1769 178 1831 ri
201 1767 239 1830 ad
264 1765 433 1849 anapaesti⁴
449 1788 626 1830 mensuram
651 1768 816 1831 accedere?

237 1872 342 1937 Aliam
372 1874 580 1938 excusationis
607 1895 715 1938 ausam
744 1872 937 1937 inveniemus
964 1873 997 1936 iu
1027 1872 1098 1957 hys.
1123 1895 1152 1937 v.
1172 1872 1267 1951 1148,
1297 1872 1323 1936 si

147 1981 251 2044 locum
281 1980 456 2043 accuratius
487 1980 763 2062 perscrutabimur.
810 1979 911 2055 Quam
942 1978 1014 2043 libri
1044 1979 1197 2061 praebent
1224 1979 1323 2062 scrip-

148 2092 252 2151 turam
268 2085 468 2168 ἀόικιοῦμες·
486 2084 581 2150 (111λί1
595 2092 747 2170 πρῶκτος
759 2084 885 2168 ἄφατον
897 2087 944 2156 ὡς
959 2085 1067 2165 καλός,
1084 2085 1117 2150 in
1135 2106 1171 2152 ea
1186 2087 1324 2150 maxime

148 2194 336 2259 offendimur
359 2194 546 2275 ἀόικιοῦμες
569 2195 656 2258 verbi
676 2192 787 2270 forma,
812 2215 905 2276 quam
927 2192 1090 2258 confusam
1114 2192 1322 2258 111111ἄό1-

148 2303 259 2382 κίομες
294 2304 325 2363 11
355 2300 530 2381 ἀδικοῦμες
560 2301 626 2364 veri
659 2298 854 2364 simillimum
888 2303 944 2364 est.
996 2299 1075 2365 Utra
1108 2301 1223 2365 harum
1258 2300 1322 2364 lec-

148 2407 269 2472 tionum
293 2409 444 2491 majorem
470 2408 585 2471 habeat
607 2406 804 2492 probalitatis
820 2408 965 2490 speciem,
990 2406 1092 2471 adhuc
1114 2407 1197 2471 inter
1215 2409 1323 2471 doctos

148 2537 212 2579 non
247 2518 378 2578 constat.
426 2515 581 2597 Equidem
612 2512 788 2598 praeferam
819 2513 984 2595 ἀδικίομες
1014 2514 1164 2592 formam,
1198 2513 1250 2578 scd
1283 2537 1324 2579 ne

149 2626 282 2685 metrum
310 2620 488 2705 juguletur,
520 2623 641 2686 vocales
673 2646 702 2685 ιο
733 2642 788 2703 per
818 2620 982 2704 synizesim
1015 2620 1064 2683 vel
1095 2637 1151 2702 per
1178 2625 1323 2685 contrac-

150 2727 267 2791 tionem
296 2727 443 2810 legantur
466 2749 617 2810 propono,
646 2733 681 2791 ut
710 2729 768 2791 hoc
791 2728 920 2791 verbum
945 2726 1061 2809 raptim
1084 2727 1325 2812 pronuntiatum

149 2855 250 2916 paene
274 2839 309 2896 ut
325 2835 591 2919 quadrisyllabum
609 2838 706 2913 sonet,
730 2835 762 2897 id
782 2834 864 2916 quod
882 2832 980 2896 Attici
997 2833 1148 2897 sermonis
1163 2838 1326 2898 contracta

150 2940 252 3005 forma
277 2941 453 3023 ἀδικοῦμεν
477 2946 508 3005 11
530 2942 698 3025 superioris
720 2962 826 3005 versus
848 2939 951 3003 simile
974 2939 1151 3020 exemplum
1180 2939 1325 3023 flagitare

150 3049 282 3112 videtur.
331 3046 420 3112 Certe
444 3048 531 3113 nullo
555 3043 646 3112 modo
669 3049 707 3112 de
731 3046 1006 3130 proceleusmatico
1029 3045 1144 3128 cogito.

240 3152 404 3229 Quae-alia
425 3155 773 3237 proceleusmaticorum
790 3152 933 3234 exempla
953 3152 1136 3229 afferuntur,
1160 3151 1203 3216 eis
1219 3175 1325 3218 emen·

151 3261 285 3324 dationis
316 3260 468 3324 medelam
497 3261 646 3325 adhibere
670 3283 706 3325 eo
738 3261 839 3324 minus
867 3277 984 3328 vereor.
1014 3278 1085 3322 cum
1116 3259 1325 3341 plurimorum

150 3388 252 3450 neque
281 3368 435 3449 scriptura
465 3372 586 3432 constet
613 3372 645 3431 et
668 3369 843 3432 emendatio
873 3371 1020 3449 prompta
1046 3366 1095 3429 sit.
1144 3365 1325 3433 indubitate

151 3478 315 3555 corruptus
339 3473 456 3557 legitur
478 3475 510 3536 in
535 3475 623 3538 libris
646 3497 751 3538 versus
767 3475 893 3539 Thesm.
911 3475 974 3537 285
997 3472 1033 3535 τὸ
1052 3473 1209 3548 πόπανον,
1234 3475 1325 3547 ὅπως

151 3580 295 3662 λαβοῦσα
320 3580 415 3643 θύσω
439 3587 505 3644 ταῖν
529 3582 630 3659 θεαῖν,
656 3603 749 3664 quem
773 3582 825 3645 alii
850 3581 911 3644 alio
940 3580 1031 3644 niodo
1054 3581 1088 3643 in
1112 3581 1230 3663 justam
1260 3582 1325 3646 for·

153 3708 235 3749 mam
260 3687 401 3768 redigere
417 3689 522 3751 conati
545 3692 629 3765 sunt,
652 3709 723 3750 cum
747 3689 801 3750 uni
825 3690 1036 3770 proponerent
1052 3685 1087 3749 τὸ
1103 3686 1251 3751 πόπανον
1267 3689 1324 3766 ὡς,

152 3792 206 3856 alii
231 3792 268 3855 τὰ
292 3793 410 3854 πόπαν’
428 3794 528 3872 ὅπως,
558 3794 613 3858 alii
637 3794 737 3858 deleto
761 3794 893 3857 articulo
916 3793 1072 3866 πόπανον,
1098 3794 1197 3864 ὅπως.
1244 3795 1325 3859 Mihi

153 3901 290 3982 quidem,
320 3920 390 3962 cum
421 3904 542 3964 constet
568 3900 933 3983 μ11111111ὅπα1ςο1111
958 3898 1157 3980 conjunctivo
1185 3921 1247 3962 non
1280 3903 1325 3966 ut'

152 4005 285 4069 comicos
314 4005 374 4067 nisi
405 4007 510 4070 addita
540 4006 694 4090 particula
725 4007 765 4069 ἄν
793 4010 888 4088 atque
916 4004 1007 4073 ὅπως
1036 4010 1067 4067 11
1094 4004 1143 4066 ἵνα
1171 4027 1262 4089 saepe
1292 4009 1326 4072 in

153 4113 310 4176 codicibus
326 4112 485 4190 confundi,
510 4113 641 4177 dubium
663 4135 726 4176 non
747 4116 801 4190 est,
826 4110 902 4194 quin
920 4110 1146 4192 Aristophanes
1167 4112 1326 4196 scripserit

152 4218 188 4280 τὸ
212 4218 368 4291 πόπανον,
397 4221 457 4296 ἵνα,
486 4241 548 4302 qua
578 4219 710 4282 lectione
739 4223 801 4282 tam
834 4218 955 4300 proceri
984 4217 1164 4282 efficiuntur
1192 4221 1325 4300 numeri,
