2940 4974
622 346 843 412 ..15-

148 538 451 623 Aristophanearum
476 541 557 607 libro
581 563 654 626 pag.
673 543 735 607 117
760 543 923 628 proposuit
939 542 1186 610 emendationem
1204 546 1242 628 νὴ
1263 546 1321 609 Δία

147 648 229 711 πάνυ
246 649 343 730 παχύ,
368 670 437 712 eam
460 647 664 713 libentissime
681 650 800 733 accipio
816 651 869 715 sed
889 651 985 714 itaut
1007 651 1137 716 inversis
1160 653 1322 718 vocabulis

147 754 282 819 scribere
309 755 419 819 malim
442 745 528 837 παχὺ
552 756 652 833 πάνυ;
681 756 725 821 sic
749 759 832 821 enim
860 757 960 822 oritur
984 758 1107 837 solutio,
1137 759 1263 843 qualern
1286 762 1322 822 ut

149 861 325 944 legitimam
348 861 512 926 attulimus
535 863 568 926 in
591 862 718 927 Thesm.
742 886 772 928 r.
790 866 854 928 916
878 863 956 947 ταχὺ
979 865 1073 928 πάνυ.

236 967 309 1034 Non
333 971 436 1032 minus
459 969 636 1052 depravatis
659 973 797 1035 numeris
820 972 945 1036 laborat
968 972 1040 1056 Lys.
1065 974 1176 1036 v.102
1200 973 1218 1035 ὁ
1243 978 1321 1053 γοῦν

148 1075 225 1157 ε’μός
248 1076 340 1158 ἀνήρ,
373 1098 466 1159 quem
490 1076 634 1160 Engerus
662 1082 747 1143 recto
770 1079 890 1160 judicio
914 1078 1163 1161 Aristophaneae
1191 1101 1321 1143 consue·

147 1183 249 1246 tudini
271 1205 335 1245 non
358 1183 544 1265 respondere
567 1187 653 1247 ratus
676 1185 721 1247 ita
745 1187 910 1251 emendare
932 1186 1052 1250 studuit
1075 1191 1111 1250 ut
1133 1191 1322 1269 proponeret

148 1290 166 1352 ὁ
182 1295 260 1370 γοῦν
277 1289 426 1372 ἐμαυτῆς,
451 1312 546 1373 quam
562 1291 773 1374 conjecturam
790 1315 849 1377 ego
870 1293 1019 1358 libentius
1039 1293 1211 1376 amplector
1227 1317 1321 1378 quam

148 1396 396 1460 emendationem
412 1419 431 1460 a
446 1396 585 1480 Berghio
601 1401 756 1464 tentatam
778 1400 811 1464 in
828 1400 1072 1464 Zimmermanni
1089 1401 1207 1464 diurnis
1225 1403 1321 1476 1835,

147 1524 177 1585 p.
197 1503 260 1566 948
285 1504 304 1566 ὅ
328 1510 405 1585 γοῦν
430 1502 508 1586 ἐμὸς
531 1505 612 1587 ἆνήρ
637 1510 840 1588 proponente.

236 1610 389 1675 Omnibus
413 1613 637 1676 recentioribus
658 1613 828 1678 editoribus
845 1616 989 1680 omnibus
1008 1617 1145 1680 numeris
1161 1615 1321 1680 absolutus

151 1715 270 1781 videtur
286 1739 349 1782 esse
367 1721 426 1781 Ar.
437 1708 471 1782 r.
488 1720 584 1797 1575,
607 1741 700 1802 quem
717 1720 761 1785 sic
776 1719 910 1802 legimus
933 1721 965 1786 in
983 1720 1085 1786 libris:
1110 1723 1190 1804 ἐμοῦ
1201 1723 1257 1805 (γ’)
1275 1723 1321 1785 ὅτι

147 1823 201 1887 τὸν
228 1825 410 1906 ἄνθρωπον
442 1826 550 1907 ἄγχειν
579 1827 748 1908 βούλομαι.
794 1826 833 1890 ln
863 1828 922 1891 hoc
952 1850 1043 1892 versu
1075 1827 1202 1892 alterius
1235 1829 1321 1910 pedis

147 1931 261 1995 solutio
290 1935 414 1996 tanturn
446 1933 543 2011 abest,
575 1937 611 1997 ut
634 1933 854 2016 Aristophanis
882 1935 985 2017 sapiat
1015 1957 1115 2013 nsum,
1147 1939 1182 1998 ut
1213 1940 1322 1999 contra

147 2039 218 2102 talis
249 2039 367 2104 insoliti
398 2040 551 2104 tribrachi
582 2062 641 2123 par
672 2041 850 2124 exemplum
881 2064 937 2125 per
967 2064 1074 2107 omnes
1103 2042 1168 2124 ejus
1198 2041 1322 2107 fabulas

147 2167 210 2210 non
239 2146 384 2228 reperias.
432 2145 543 2229 Itaque
572 2169 712 2226 cumea,
746 2171 808 2232 qua
835 2149 992 2213 codicibus
1020 2148 1186 2213 exhibetur
1209 2149 1320 2227 forma,

147 2255 280 2337 probum
293 2276 356 2317 esse
370 2254 465 2318 etiam
476 2259 570 2338 atque
583 2256 678 2319 etiam
690 2277 771 2339 nego
784 2259 878 2339 atque
889 2277 959 2320 curn
969 2254 1119 2320 Richtero
1129 2254 1236 2338 (Vesp.
1245 2256 1321 2336 853)

148 2362 201 2444 qui
224 2363 344 2443 primus
368 2364 405 2427 de
424 2385 530 2428 versus
553 2363 687 2428 sanitate
711 2363 877 2443 dubitavit,
901 2364 1056 2429 scribatur
1078 2386 1229 2446 propono,
1254 2364 1320 2446 ὁτιὴ

146 2467 200 2530 τὸν
224 2469 316 2550 ἄνδρ’
333 2470 487 2551 ἀπάγχειν
509 2469 677 2552 βούλομαι.

237 2575 380 2658 Denique
418 2581 453 2640 ut
491 2576 667 2653 ostendam,
706 2577 745 2639 ad
780 2598 857 2660 quas
894 2576 1091 2640 incredibiles
1126 2578 1321 2660 conjecturas

147 2681 290 2746 homines
314 2682 396 2746 docti
424 2682 458 2746 in
481 2681 579 2746 nostri
607 2682 723 2746 fabulis
751 2683 952 2748 emendandis
978 2687 1136 2748 versantes
1164 2683 1320 2749 interdum

147 2789 304 2872 progressi
327 2788 391 2853 sint
406 2787 553 2872 opinione
576 2790 672 2868 ducti,
697 2790 941 2873 Aristophanem
960 2791 1106 2855 omnibus
1129 2791 1321 2876 syllabarum

146 2895 314 2979 longarum
345 2895 551 2961 solutionibus
582 2896 706 2960 veniam
735 2897 932 2976 concessisse,
965 2897 1040 2960 duas
1068 2918 1167 2980 nuper
1195 2920 1214 2960 a
1242 2897 1321 2962 Mei-

146 3003 241 3067 nekio
271 3003 304 3065 in
328 3003 535 3067 vindiciarum
566 3001 647 3067 libro
678 3002 853 3085 publicatas
880 3003 1010 3066 afferam
1038 3007 1132 3086 atque
1162 3003 1319 3087 inquiram

147 3108 305 3174 lectiones.
352 3108 389 3173 ln
417 3109 503 3174 Nub.
532 3132 562 3173 v.
583 3110 645 3174 663
676 3131 732 3174 suo
761 3110 832 3192 jure
863 3108 1105 3192 improbandum
1138 3133 1201 3176 esse
1233 3114 1320 3174 ratus

148 3222 402 3299 anapaestuma
434 3216 593 3282 tribracho
625 3222 787 3299 exceptum
819 3221 937 3282 rectam
971 3217 1104 3300 denique
1137 3216 1230 3300 hujus
1260 3216 1321 3282 loci

148 3325 396 3389 emendationem
417 3325 571 3388 invenisse
594 3324 653 3389 sibi
669 3324 802 3403 videtur,
827 3346 897 3389 curn
914 3324 1043 3408 conjicit
1066 3324 1223 3405 ἀλέκτορα
1239 3324 1319 3387 κατὰ

147 3437 267 3495 τοῦτον.
306 3430 465 3496 Nimirum
488 3431 667 3515 ignorabat,
693 3429 936 3514 Aristophanem
961 3454 1022 3494 non
1048 3453 1145 3515 usque
1164 3454 1200 3496 eo
1223 3432 1320 3495 licen-

148 3538 210 3601 tiae
233 3560 430 3623 progressum
456 3560 529 3617 esse,
558 3542 594 3601 ut
621 3537 734 3622 longae
757 3537 877 3602 solutae
901 3536 1038 3622 syllabas
1068 3538 1176 3603 breves
1203 3539 1320 3603 induo

149 3644 349 3710 distribueret
372 3644 533 3722 vocabula,
558 3667 638 3728 quae
661 3643 813 3709 nullane
837 3647 968 3709 minima
989 3646 1113 3729 quidem
1139 3646 1320 3710 necessitate

149 3752 393 3816 continerentur.
440 3751 552 3834 ltaque
574 3773 631 3834 pro
655 3774 701 3829 e0,
725 3755 761 3814 ut
784 3752 1028 3816 emendatiorem
1050 3753 1193 3817 redderet
1215 3776 1321 3817 versus

148 3859 348 3943 rhythmum,
380 3860 474 3922 etiam
506 3858 607 3942 magis
638 3858 798 3922 insolitam
828 3860 930 3923 versui
962 3860 1090 3923 intrusit
1121 3861 1206 3942 pedis
1236 3860 1321 3924 solu-

148 3966 277 4030 tionem.
316 3965 409 4029 Haud
437 3965 500 4030 scio
524 3988 564 4028 an
596 3967 716 4048 pridem
747 3965 841 4049 hujus
869 3966 929 4031 loci
953 3973 1038 4031 recta
1067 3967 1160 4031 lectio
1192 3967 1321 4032 inventa

147 4074 189 4136 sit
213 4071 250 4138 G.
273 4072 447 4136 Hermanni
475 4075 655 4156 sagacitate,
685 4073 739 4157 qui
766 4074 887 4138 scribit:
921 4074 1115 4156 ἀλεκτρυόνα
1144 4074 1198 4136 καὶ
1225 4072 1320 4136 ταύτὸ

148 4177 203 4239 καὶ
230 4175 284 4240 τὸν
312 4177 431 4260 ἄρρενα
461 4175 515 4259 (cf.
548 4184 642 4262 eaput
671 4179 703 4242 in
732 4200 794 4262 quo
822 4180 928 4263 agitur
955 4181 992 4243 de
1018 4180 1319 4262 proceleusmatico).

237 4283 343 4347 Etiam
367 4285 544 4368 graviorem
570 4290 677 4349 notam
706 4286 820 4349 meruit
842 4285 1019 4351 Meinelrius
1042 4287 1082 4349 ob
1106 4287 1320 4370 conjecturam
