2940 4974
652 1267 746 1348 Pars
777 1268 913 1376 prima.

200 1487 246 1568 [le
261 1487 451 1594 tribraohis
465 1495 499 1567 el
514 1489 661 1589 daolylis
678 1435 756 1590 post
772 1489 922 1591 priorem
939 1491 1035 1571 arsis
1050 1492 1222 1592 syllabam
1239 1493 1373 1572 incisis.

704 1708 863 1716 m

487 1882 516 1949 1.
545 1883 596 1950 De
619 1881 817 1950 tribrachis
840 1882 947 1970 primi
969 1883 1082 1971 pedis.

287 2042 428 2106 Primum
453 2043 587 2106 trimetri
616 2043 725 2126 pedem
750 2043 789 2107 ab
814 2044 960 2107 omnibus
984 2045 1084 2126 poetis
1111 2045 1257 2109 liberiore
1280 2049 1373 2112 modo

198 2173 292 2233 quam
317 2154 435 2214 eeteros
458 2153 627 2224 tractatum
652 2172 716 2214 esse
739 2151 822 2214 inter
844 2172 951 2214 omnes
975 2155 1096 2215 constat
1124 2174 1225 2235 neque
1249 2157 1295 2216 est
1318 2177 1374 2218 our

198 2258 258 2321 hoo
282 2256 349 2320 looo
373 2257 467 2320 latius
483 2257 703 2321 demonstrem.
743 2256 823 2332 Quid
843 2257 959 2320 mirum
976 2257 1218 2340 Aristophanem
1236 2281 1373 2342 quoque,

198 2364 288 2428 illum
316 2386 539 2448 usquequaque
570 2365 662 2428 metri
689 2364 845 2429 tractandi
873 2364 1019 2429 libertate
1049 2361 1204 2448 insignem
1237 2370 1372 2449 potitam,

200 2473 319 2555 majore
346 2471 474 2535 licentia
503 2472 536 2534 in
565 2471 658 2554 hujus
686 2471 771 2554 pedis
794 2470 1001 2535 solutionibus
1024 2493 1115 2534 usum
1140 2494 1214 2537 esse.
1260 2471 1373 2555 Neque

200 2600 271 2641 vero
300 2578 383 2660 apud
411 2599 483 2642 eum
512 2576 571 2641 hoc
600 2578 639 2640 ad
666 2600 830 2641 numerum
859 2578 1050 2643 solutionum
1079 2579 1224 2660 pertinet,
1256 2581 1373 2663 quippe

198 2685 308 2769 quiin
334 2685 392 2748 hoo
415 2684 491 2767 pede
515 2684 642 2748 alterius
666 2689 697 2748 et
720 2684 824 2767 quarti
853 2684 938 2766 pedis
962 2706 1091 2748 numero
1120 2685 1213 2768 longe
1242 2686 1373 2750 inferior

186 2792 248 2869 eit,
272 2791 324 2855 sed
341 2791 379 2854 ad
398 2790 629 2854 tribrachorum
650 2791 805 2873 quaedam
828 2810 954 2872 genera,
978 2813 1059 2874 quae
1082 2791 1240 2855 interdum
1260 2794 1329 2876 jam
1353 2816 1372 2856 a

198 2898 326 2980 tragicis
350 2901 499 2980 usurpata
526 2898 558 2960 in
581 2897 803 2979 Aristophanis
827 2897 951 2960 demum
980 2897 1097 2962 fabulis
1124 2902 1214 2961 tanto
1242 2921 1372 2962 numero

199 3009 375 3084 occurrunt,
400 3009 436 3068 ut
459 3008 544 3068 oerto
567 3004 695 3068 consilio
720 3005 854 3068 admissa
877 3004 964 3068 etad
983 3005 1084 3088 justas
1107 3005 1224 3069 formas
1247 3007 1372 3071 redacta

199 3134 262 3176 esse
294 3111 468 3175 videantur.
516 3109 587 3174 Huc
620 3110 721 3174 refero
755 3132 805 3174 eas
838 3109 1023 3190 solutionem
1056 3112 1088 3174 in
1120 3112 1233 3194 quibus
1266 3135 1372 3177 vooem

199 3218 387 3303 bisyllaham
411 3217 552 3301 sequitur
576 3217 720 3281 enolitiea
742 3217 799 3279 νύν
823 3216 873 3299 (ut
896 3218 975 3299 φέρε
998 3241 1056 3280 νυν
1080 3219 1165 3297 eto),
1190 3220 1273 3302 quod
1303 3220 1372 3302 plus

198 3326 363 3409 sexaginta
386 3324 461 3388 loeis
484 3324 666 3407 reperimus,
695 3327 726 3388 et
749 3345 811 3402 eas,
841 3346 922 3407 quae
948 3325 1030 3387 inter
1054 3325 1220 3388 articulum
1244 3330 1275 3390 et
1298 3326 1371 3390 sub·

198 3433 369 3497 stantivum
397 3432 470 3514 μέν,
502 3431 550 3504 δέ,
579 3431 640 3512 γάρ
673 3430 843 3512 particulas
873 3431 1028 3514 recipiunt
1056 3429 1106 3513 (ut
1135 3431 1171 3494 τὰ
1204 3432 1238 3494 δὲ
1266 3435 1371 3516 κρέα),

199 3561 332 3623 quarum
356 3538 432 3601 item
455 3559 602 3601 numerus
632 3537 716 3601 haud
741 3538 873 3622 exiguus
897 3543 951 3602 est.
999 3539 1137 3614 (luorum
1162 3560 1315 3622 generum
1338 3543 1371 3605 in

198 3647 299 3729 primo
330 3644 407 3728 pede
439 3644 575 3708 maxime
605 3645 790 3708 usitatorum
824 3668 894 3709 oum
925 3646 959 3707 in
988 3646 1116 3728 reliquis
1147 3647 1276 3729 pedibus
1307 3647 1371 3712 fere

199 3752 286 3816 nulla
317 3754 424 3815 extent
455 3750 612 3833 exempla,
643 3752 774 3815 fortasse
805 3774 875 3817 meo
905 3753 977 3835 jure
1008 3773 1070 3815 non
1104 3756 1167 3815 tem
1200 3774 1237 3816 ex
1269 3775 1371 3817 versus

199 3860 309 3925 comici
337 3858 483 3922 liberiore
511 3859 662 3944 rhythmo
685 3882 780 3943 quam
810 3885 849 3927 ex
878 3861 1032 3925 enuntiati
1060 3859 1151 3922 initio
1177 3860 1282 3924 derivo
1310 3861 1371 3924 ori-

199 3967 304 4050 ginem
333 3988 450 4044 eorum,
481 3966 563 4049 quod
588 3971 623 4030 ut
646 3989 717 4031 oum
747 3991 856 4036 versus
886 3968 977 4033 initio
1006 3967 1149 4030 concidat
1179 3967 1371 4049 plerumque,

199 4078 312 4138 natura
342 4073 415 4137 fert.
461 4072 588 4137 Etenim
619 4096 690 4137 oum
721 4076 754 4139 in
784 4077 912 4166 vulgari
942 4094 1097 4150 sermone,
1129 4095 1222 4156 quem
1251 4074 1371 4137 Aristo-

198 4181 340 4264 phaneae
363 4179 490 4244 fabulae
514 4181 649 4244 maxime
666 4183 805 4266 sapiunt,
828 4183 1010 4267 saepissime
1032 4179 1157 4242 initium
1181 4181 1284 4262 capiat
1302 4201 1371 4242 sen-

199 4287 314 4352 tentiae
345 4285 478 4352 elocutio
506 4287 553 4351 rbi
580 4311 637 4351 ooo
667 4287 713 4352 vel
743 4294 825 4379 φέρε
855 4316 929 4371 νυν,
957 4287 1035 4353 aliae
1063 4285 1222 4368 ejusmodi,
1252 4286 1372 4349 Aristo·
