2940 4974
624 295 848 357 „25-

146 486 327 551 tribrachus
356 487 475 570 patitur
503 510 704 552 numerorum
734 489 905 565 licentiam,
930 494 966 552 ut
989 490 1133 554 enclitica
1160 491 1192 553 in
1222 491 1324 572 priore

147 594 224 657 arsis
247 594 369 678 syllaba
398 599 543 677 ponatur,
572 617 608 658 ea
635 597 669 659 in
693 595 825 678 dactylis
853 597 946 677 primi
973 597 1059 679 pedis
1087 597 1177 660 nobis
1204 597 1325 661 duobus

147 700 289 765 versibus
312 701 497 764 indubitatis
520 701 636 764 tradita
660 705 719 764 est:
747 701 818 764 Pac.
845 723 873 765 v.
892 703 956 765 444
981 704 1012 764 εἴ
1029 727 1074 772 τις
1097 704 1270 785 ἐπιθυμῶν
1294 706 1325 765 44

147 807 275 872 Thesm.
301 831 328 871 v.
347 808 410 871 335
435 809 467 871 εἴ
485 832 530 877 τις
558 808 763 890 ἐπιβουλεύει.
811 806 1051 873 Excusationem
1080 808 1154 873 huic
1185 809 1324 872 libertati

147 913 221 977 iude
247 914 316 978 fieri
345 914 422 978 mihi
451 914 619 978 verisimile
641 918 696 991 est,
726 913 808 996 quod
837 936 1008 996 pronomen
1033 938 1077 984 τις
1105 915 1222 979 efficiat
1249 935 1324 998 gra-

147 1020 266 1084 viorem
298 1021 453 1084 enuntiati
486 1026 609 1103 partem
640 1025 734 1104 atque
765 1022 810 1083 ita
843 1021 987 1103 graviore
1018 1043 1092 1085 voce
1124 1023 1324 1103 pronuntiari

147 1129 254 1210 possit.
294 1127 448 1191 Γ14141414
464 1128 605 1211 syllabae
624 1128 757 1210 singulis
773 1128 900 1191 vocibus
923 1128 1146 1210 monosyllabis
1162 1150 1324 1210 expressae

146 1238 234 1313 sunt,
268 1256 347 1316 quae
381 1239 466 1296 arcte
496 1235 579 1298 inter
611 1257 643 1298 se
674 1234 844 1298 cohaerent
874 1237 906 1296 et
935 1235 1025 1317 quasi
1057 1256 1153 1298 unam
1185 1235 1324 1299 formant

147 1340 292 1403 voculam
324 1340 527 1425 bisyllabam:
558 1339 722 1405 11011914
746 1340 800 1403 καὶ
829 1342 864 1403 σέ
893 1364 942 1421 γε;
975 1340 1183 1406 1114411486
1207 1340 1323 1423 acid'd

146 1448 222 1528 μέν;
247 1446 330 1512 Plut.
348 1450 412 1513 473
437 1448 491 1510 καὶ
515 1448 553 1511 σύ
578 1472 621 1529 γε.

237 1553 422 1637 Priusquam
440 1553 641 1632 solutionum,
665 1575 797 1636 quarum
815 1553 915 1617 altera
937 1554 970 1616 in
990 1553 1111 1636 syllaba
1134 1554 1322 1618 terminatur
1395 1597 1398 1602 -

146 1682 209 1724 vox
232 1661 397 1745 bisyllaba,
422 1661 520 1724 fusius
540 1682 692 1743 exponam
715 1661 921 1739 condiciones,
946 1682 1082 1724 errorem
1105 1661 1260 1737 refutabo,
1286 1662 1323 1726 de

147 1790 210 1851 quo
227 1768 369 1851 llngerus
392 1769 424 1830 in
449 1767 715 1850 disputatiuncula
738 1789 794 1830 sua
816 1767 986 1832 lectoribus
1009 1769 1193 1850 persuadere
1209 1768 1322 1832 studet.

147 1875 226 1938 Cum
251 1878 333 1940 euim
349 1897 439 1940 voces
462 1874 637 1960 bisyllabae
660 1875 828 1938 maximam
853 1879 975 1956 partem
991 1875 1180 1957 compositae
1203 1876 1266 1938 sint
1285 1898 1323 1939 ex

147 1982 230 2045 binis
262 1982 500 2067 monosyllabis,
532 1983 564 2045 in
597 1981 657 2046 hac
685 1981 908 2064 compositione
937 2003 1063 2044 causam
1093 1982 1226 2063 positam
1257 2004 1322 2045 esse

146 2090 317 2168 contendit,
345 2112 400 2154 cur
428 2091 510 2154 hanc
533 2089 719 2153 solutionem
742 2093 778 2152 ut
806 2088 980 2171 legitimam
1008 2093 1102 2171 potita
1130 2088 1320 2170 probaverit.

147 2198 196 2261 Ex
220 2198 262 2261 eis
285 2197 369 2279 ipsis,
394 2219 474 2280 quae
491 2194 593 2259 adhue
616 2196 653 2259 de
676 2195 908 2259 tribracborum
927 2193 1135 2258 solutionibus
1154 2194 1321 2276 disputavi,

146 2305 239 2368 facile
261 2304 348 2387 sequi
376 2302 466 2366 nobis
489 2303 612 2366 videtur
634 2301 722 2366 verbi
745 2301 879 2384 alicujus
902 2299 1158 2383 compositionem
1189 2301 1234 2364 ita
1257 2324 1320 2366 non

146 2410 219 2475 talis
242 2411 396 2473 libertatis
420 2410 652 2473 excusationem
675 2409 787 2472 afferre
813 2429 911 2490 posse,
935 2411 1113 2487 utcontra,
1141 2409 1167 2470 si
1191 2431 1322 2473 revera

147 2519 185 2582 de
214 2518 302 2582 verbi
334 2517 557 2600 compositione
589 2516 760 2600 cogitetur,
792 2515 851 2578 hoc
882 2514 1030 2578 solutioni
1063 2513 1224 2578 obstaculo
1257 2538 1321 2579 esse

147 2625 268 2689 debeat.
307 2621 391 2687 Nam
415 2623 531 2705 ubique
550 2627 673 2687 servata
689 2627 736 2686 est
750 2620 870 2704 regula,
896 2643 935 2684 ne
952 2621 1028 2684 arsis
1043 2620 1163 2683 solutae
1181 2619 1321 2704 syllabae

71 2737 72 2740 ’
147 2752 297 2814 umquam
328 2730 447 2794 duobus
480 2730 661 2793 tribuantur
692 2729 865 2806 vocabulis,
897 2751 979 2811 quae
1012 2749 1075 2790 non
1108 2727 1214 2810 aliquo
1245 2749 1320 2791 con·

147 2839 307 2902 tineantur
329 2837 454 2901 vinculo
478 2859 556 2900 neve
580 2859 718 2921 unquam
742 2837 783 2900 ob
806 2858 876 2900 eam
900 2857 964 2898 rem
993 2834 1080 2918 prior
1103 2835 1180 2898 arsis
1202 2834 1322 2898 solutae

147 2944 268 3029 syllaba
302 2944 446 3008 enclitica
481 2945 689 3026 exprimatur,
726 2965 807 3026 quae
839 2942 1034 3007 antecedenti
1066 2964 1131 3005 sese
1164 2941 1321 3006 acclinans

148 3052 299 3115 vocabulo
323 3051 362 3114 ab
386 3051 570 3135 insequente
593 3050 733 3133 sejuncta
755 3051 805 3114 sit.
852 3049 899 3113 Ac
922 3049 1064 3131 profecto
1087 3050 1153 3131 ipse
1178 3049 1321 3133 Engerus

147 3158 312 3234 intellexit,
336 3181 432 3241 quam
447 3158 557 3222 statuit
574 3157 728 3241 regulam,
752 3179 821 3220 eam
844 3178 907 3220 non
932 3178 1154 3239 usquequaque
1175 3157 1321 3220 sustineri

146 3286 234 3347 posse
257 3268 351 3349 atque
374 3287 446 3328 cum
468 3265 573 3347 plures
592 3287 698 3329 versus
721 3286 796 3329 voce
817 3262 894 3325 ἀλλὰ
918 3264 1061 3327 inchoari
1085 3263 1214 3339 videret,
1239 3264 1321 3327 hanc

147 3375 229 3434 certe
257 3371 411 3450 voculam,
441 3372 498 3435 etsi
528 3373 699 3454 composita
729 3393 791 3436 uon
821 3375 910 3447 esset,
937 3371 1058 3454 justum
1086 3371 1181 3434 ordiri
1210 3371 1321 3454 pedem

148 3477 307 3541 concessit.
355 3478 398 3541 At
429 3478 507 3541 mihi
530 3478 656 3561 quidem
685 3477 772 3541 illam
800 3477 940 3561 regulam
970 3478 1111 3541 funditus
1142 3500 1321 3560 perversam

147 3606 210 3648 esse
233 3606 414 3667 persuasum
431 3589 486 3664 est,
512 3607 583 3650 cum
600 3585 845 3667 Aristophanem
868 3607 931 3649 non
955 3585 1088 3649 multum
1107 3585 1261 3649 curavisse
1283 3606 1321 3647 ex

147 3689 380 3774 insequentibus
404 3693 554 3774 exemplis
574 3697 734 3775 appareat,
759 3692 915 3776 quomodo
935 3691 1169 3774 conjunctiones
1193 3697 1224 3756 44
1247 3712 1320 3773 pro·

147 3797 275 3860 nomina
290 3798 430 3862 trochaei
444 3799 601 3883 explentia
613 3803 755 3882 tempora
769 3798 884 3883 (neque
896 3821 969 3863 vero
985 3799 1137 3884 pyrrichii
1153 3804 1187 3862 ut
1199 3798 1244 3862 ὅτι
1258 3786 1325 3877 dre,

147 3904 228 3985 quod
246 3904 389 3986 Engerus
409 3906 583 3989 contendit)
606 3928 751 3970 versuum
771 3906 870 3970 initiis
889 3907 1047 3983 insereret,
1066 3907 1162 3982 modo
1177 3906 1321 3988 expedite

147 4032 183 4073 ac
206 4011 304 4076 libere
327 4015 525 4094 pronuntiari
548 4019 579 4079 et
602 4037 672 4079 cum
695 4014 931 4096 insequentibus
955 4014 1104 4097 conjungi
1128 4017 1265 4096 possent.

236 4116 382 4183 Ceterum
413 4142 452 4185 ne
482 4121 515 4183 in
546 4120 596 4184 his
619 4120 746 4204 quidem
776 4120 932 4203 plerisque
956 4120 1164 4184 solutionibus
1191 4118 1320 4183 difficile

148 4223 206 4286 erit
238 4226 444 4290 excusationis
476 4229 624 4311 quasdam
656 4249 777 4303 causae,
811 4227 924 4310 quibus
956 4228 1080 4310 saepius
1111 4226 1320 4291 solutionibus
