2940 4974
620 309 839 371 ...11-

144 503 264 588 syllaba
287 508 416 587 propter
438 505 537 587 ipsam
560 507 778 588 insequentem
802 527 932 588 pausam
947 506 1077 589 ancipiti
1101 527 1247 569 mensura
1266 506 1317 583 sit,

145 610 253 695 quidni
276 610 359 675 idem
376 611 619 694 Aristophanem
642 612 675 674 in
700 612 802 675 medio
826 635 917 677 versu
936 618 1009 678 ante
1031 614 1316 695 interpunctionem

144 718 203 783 sibi
226 718 411 782 concessisse
436 718 539 801 putari
563 719 658 801 possit
681 719 774 800 idque
792 718 841 783 vel
864 720 1000 784 maxime
1023 720 1055 782 in
1080 742 1116 783 ea
1132 719 1316 796 elocutione,

145 847 225 908 quae
248 824 426 907 saepissime
449 847 554 888 versus
582 824 677 887 finem
701 825 885 903 conformet,
913 824 948 888 εὗ
972 825 1032 888 οἶδ’
1051 825 1097 888 ὅτι
1120 826 1197 890 dico.
1206 824 1231 907 ¹)
1279 825 1316 888 In

145 954 207 1016 qua
230 935 392 1013 praeterea
407 952 471 994 non
493 929 655 1013 intellege,
679 952 735 995 cur
751 931 989 1015 Aristophanes,
1012 932 1148 996 sitalem
1166 933 1197 995 in
1216 933 1317 996 medio

146 1062 234 1104 versu
257 1039 493 1122 productionem
519 1039 676 1117 horrebat,
701 1039 897 1103 tribrachum
920 1042 986 1103 tam
1010 1039 1171 1102 insolitum
1194 1040 1227 1101 in
1248 1061 1317 1102 ver·

145 1170 214 1212 snm
241 1144 394 1220 intulerit,
423 1167 492 1209 cum
522 1144 673 1208 facillima
701 1147 874 1210 mutatione
902 1150 1004 1229 posset
1031 1146 1167 1210 scribere
1195 1144 1229 1208 εὖ
1255 1145 1316 1210 οἶδ’

146 1255 219 1336 ἐγώ.
265 1252 410 1317 Ceterum
439 1251 511 1315 talis
534 1251 673 1336 syllabae
701 1252 803 1316 brevis
831 1257 904 1317 ante
930 1253 1215 1335 interpunctionem
1245 1274 1318 1334 pro·

147 1360 249 1424 ductio
273 1382 336 1423 non
364 1359 457 1442 plane
479 1358 647 1442 singularis
670 1364 757 1423 extat
779 1381 835 1442 per
859 1359 1049 1424 Graecorum
1076 1359 1199 1423 fabulas
1224 1363 1317 1442 atque

146 1467 229 1549 apud
244 1465 435 1550 Aeschylum
460 1465 596 1548 primum
619 1466 756 1530 occurrit
771 1466 958 1549 exemplum.
998 1465 1036 1531 In
1053 1465 1192 1549 Choepb.
1210 1489 1238 1530 v.
1253 1467 1316 1529 655

147 1574 219 1638 libri
242 1576 395 1656 praebent
417 1574 491 1637 εἶεν·
518 1573 633 1650 Ιοἰκούω
658 1595 738 1656 qnae
765 1573 858 1638 lectio
882 1574 1023 1639 codicum
1047 1574 1215 1637 autoritate
1243 1572 1318 1637 satis

147 1683 271 1745 firmata
294 1682 446 1766 rhythmo
473 1681 568 1745 inseri
591 1704 654 1745 non
683 1686 794 1764 potest,
825 1682 884 1745 nisi
908 1680 1041 1744 alteram
1064 1679 1124 1744 εἷεν
1148 1681 1231 1744 vocis
1254 1679 1318 1764 syl-

147 1788 251 1852 labam
271 1792 398 1870 propter
414 1789 628 1871 insequentem
649 1787 934 1870 interpunctionem
950 1788 1159 1871 producimus.
1199 1786 1319 1850 Eadem

147 1894 281 1958 elocutio
312 1895 405 1958 obvia
435 1895 472 1957 fit
503 1895 585 1976 apud
616 1894 861 1977 Aristophanem
890 1894 923 1958 in
952 1893 1025 1958 Pac.
1054 1917 1083 1957 v.
1113 1916 1140 1957 v.
1163 1895 1227 1957 663
1259 1898 1318 1958 etc.

151 2002 235 2065 1284
259 2000 307 2064 his
323 2023 447 2085 quoqne
463 2000 538 2065 locis
553 2002 728 2085 insequenti
744 2000 998 2084 interpunctione
1013 2005 1168 2064 excusata.
1208 1998 1320 2083 Itaque

148 2109 193 2172 nil
216 2111 339 2172 obstare
370 2114 456 2191 puto,
485 2109 561 2192 quin
592 2109 688 2172 talem
719 2109 811 2172 metri
835 2109 991 2172 tractandi
1022 2108 1200 2173 libertatem
1224 2109 1320 2172 etiam

148 2216 179 2279 in
203 2217 316 2281 nostris
339 2217 479 2280 versibus
504 2219 688 2280 statuamus.

405 2428 454 2496 11.
482 2428 534 2495 De
557 2426 754 2496 tribrachis
778 2425 927 2495 secundi
950 2425 1062 2514 pedis.

238 2571 288 2636 Ad
313 2571 440 2635 alterius
465 2571 551 2654 pedis
574 2557 750 2636 tribrachos
779 2575 849 2654 post
872 2570 1003 2634 alteram
1027 2570 1179 2655 syllabam
1208 2570 1321 2635 incisos
1367 2568 1368 2572 ’

145 2679 211 2761 jam
240 2702 290 2743 me
314 2681 497 2742 convertens
519 2678 650 2742 servabo
673 2677 837 2742 consilinm
866 2701 980 2757 meum,
1009 2681 1044 2741 ut
1068 2700 1118 2742 eas
1141 2677 1320 2756 solutiones,

149 2809 283 2869 quarum
306 2785 440 2848 alterum
463 2789 585 2866 tempus
609 2785 719 2848 vocula
744 2784 959 2869 monosyllaba
975 2778 1133 2867 expletur,
1157 2784 1321 2867 sejunctim

149 2891 343 2975 contempler
366 2891 406 2954 ab
431 2891 484 2968 eis,
512 2891 544 2953 in
570 2891 683 2974 quibus
707 2892 785 2955 dnae
813 2891 923 2955 breves
950 2891 1069 2973 priores
1093 2913 1156 2954 una
1180 2912 1322 2975 eompre-

150 3000 329 3064 henduntnr
353 3021 426 3063 voce
452 2999 604 3083 bisyllaba
628 2999 677 3063 vel
700 3000 762 3063 fine
785 2999 929 3063 vocabuli
956 2999 1094 3082 plurium
1116 2998 1321 3082 syllabarum,

150 3131 168 3170 a
184 3107 276 3171 tertia
292 3128 408 3170 novum
429 3127 543 3169 nomen
559 3106 622 3169 sive
638 3105 876 3189 monosyllabon
892 3105 957 3169 sive
974 3105 1111 3188 plurium
1128 3104 1320 3189 syllabarum

149 3215 270 3298 incipit.
318 3213 424 3296 Atque
455 3212 489 3274 in
519 3213 646 3276 secundi
674 3234 798 3296 quoqne
829 3213 914 3295 pedis
942 3212 1110 3276 tribracbis
1142 3211 1198 3276 tali
1230 3213 1321 3276 modo

149 3322 259 3385 solutis
276 3321 487 3384 demonstrare
503 3319 650 3397 conabor,
675 3319 920 3401 Aristophanem
943 3321 977 3383 in
995 3320 1135 3384 versibus
1155 3319 1322 3383 condendis

150 3428 243 3492 talem
269 3449 469 3492 numerorum
493 3427 672 3492 libertatem
695 3426 755 3490 sibi
779 3449 842 3490 non
865 3427 1041 3509 sumpsisse,
1065 3426 1124 3489 nisi
1148 3427 1193 3490 ita
1212 3430 1247 3489 ut
1263 3425 1322 3490 ali-

151 3557 213 3618 qua
236 3536 396 3599 accederet
418 3534 612 3618 syllabarum
636 3535 925 3618 conjungendarum
949 3523 1124 3598 necessitas.

241 3642 424 3706 Aretissima
440 3641 567 3705 alterius
582 3641 722 3726 syllabae
736 3663 806 3705 curn
822 3642 1005 3723 insequente
1020 3640 1198 3724 conjunctio
1213 3641 1321 3721 oritur,

150 3769 222 3811 cum
246 3749 383 3813 medium
402 3752 523 3832 tempus
539 3771 717 3832 expressum
734 3752 780 3812 est
796 3748 927 3813 articblo
944 3771 1016 3813 cum
1031 3754 1179 3832 sequente
1195 3748 1321 3811 nomine

241 3906 263 3974 1)
282 3908 449 3977 Nuperrime
467 3908 621 3974 observavi,
641 3907 804 3963 Richternm
823 3907 853 3961 in
872 3908 996 3964 editione
1008 3909 1163 3976 Vespamm
1180 3907 1216 3961 ad
1232 3926 1257 3961 v.
1271 3909 1323 3962 853

151 3998 249 4052 eodem
273 3999 355 4051 modo
374 3997 457 4066 hujus
476 4015 571 4053 versus
590 4015 721 4052 numeros
741 3998 880 4066 explicare
899 4016 963 4052 cnm
981 3997 1069 4052 dicat:
1097 3998 1212 4050 Nullam
1238 3996 1325 4051 offen-

152 4087 258 4141 sionem
277 4087 363 4141 habet
382 4086 423 4140 Pl.
437 4089 497 4152 838,
518 4105 603 4155 quum
622 4088 661 4138 ὅτι
681 4089 710 4140 et
728 4087 757 4140 in
777 4088 831 4140 fine
850 4087 981 4155 dipodius
1000 4089 1029 4141 et
1047 4086 1183 4141 orationis
1197 4086 1234 4140 sit
1252 4086 1324 4153 posi·

152 4178 214 4229 tum
232 4177 263 4228 nt
281 4175 434 4229 innumeris
453 4175 520 4230 locis
540 4173 590 4226 οἶδ’
604 4175 643 4225 ὅτι
662 4174 692 4227 in
705 4175 759 4229 fine
774 4192 903 4229 versuum
917 4174 982 4241 (ἴσθ’
995 4175 1034 4226 ὅτι
1048 4173 1171 4240 similia),
1190 4177 1223 4229 nt
1235 4192 1325 4245 paene

152 4263 230 4319 dicas
249 4264 402 4335 ancipitem
421 4281 480 4320 esse
500 4264 639 4335 syllabam
659 4264 703 4319 vel
722 4264 845 4335 longam.
