2940 4974
622 318 844 380 ..32-

145 512 264 594 pridem
293 511 449 576 intellexit
472 509 607 575 Cobetus
631 515 736 594 atque,
767 533 837 576 cum
865 510 962 576 codex
984 511 1176 575 Mutinensis
1207 513 1323 593 primus

147 619 182 682 δέ
198 642 233 699 γε
256 614 416 700 praebeat,
440 618 575 681 maxime
597 617 803 700 probabiliter
823 618 991 701 legendum
1008 619 1159 702 proponit
1184 618 1220 681 δέ
1235 621 1263 700 γ’
1276 619 1323 681 οὐ.

146 727 283 809 Recepta
306 726 462 809 particula
485 750 519 807 γε
543 730 574 790 et
597 730 731 789 metrum
748 726 1013 809 elegantissimum
1031 726 1137 790 evadit
1157 731 1189 789 et
1212 725 1323 790 borum

148 854 290 898 versuum
307 837 465 896 structura
488 832 597 896 similis
621 833 658 895 fit
681 833 932 897 antecedentium
949 831 1136 910 condicioni,
1162 832 1325 915 inquibus

145 941 220 1005 item
232 939 310 1004 baec
321 939 476 1022 particula
485 939 517 1002 in
529 939 686 1004 codicibus
697 942 802 1023 eisque
812 940 938 1022 optimis
947 939 1134 1022 plerumque
1146 939 1260 1004 omissa
1269 945 1324 1004 est.

411 1134 514 1203 VIII.
543 1136 594 1202 De
619 1134 777 1221 dactylis
801 1134 921 1221 quinti
944 1134 1056 1223 pedis.

235 1277 272 1340 In
289 1278 392 1360 quinti
411 1279 497 1361 pedis
513 1278 653 1342 solvendi
668 1280 822 1342 rationem
841 1277 975 1341 multum
992 1279 1161 1342 contulisse
1176 1277 1325 1357 studium,

146 1390 236 1448 utne
257 1385 289 1447 iu
308 1407 412 1449 versus
429 1386 490 1449 fine
510 1386 603 1449 nimis
620 1388 851 1467 perverteretur
870 1407 1028 1462 numerus,
1046 1390 1141 1469 atque
1157 1385 1184 1448 si
1201 1386 1325 1467 quando

147 1491 239 1574 hujus
273 1491 359 1572 pedis
395 1491 491 1574 longa
526 1491 646 1554 duobus
679 1493 912 1573 exprimebatur
944 1493 1119 1571 ruschelin,
1156 1493 1324 1556 secundam

146 1619 268 1679 semper
291 1603 375 1661 arcte
398 1599 599 1681 conjunctam
627 1620 691 1662 esse
714 1620 785 1662 cum
812 1599 996 1682 insequente
1023 1599 1155 1682 syllaba,
1185 1591 1230 1662 ut¹
1250 1621 1325 1663 con·

146 1707 240 1769 cinna
264 1726 300 1767 ac
323 1726 435 1767 sonora
458 1705 603 1768 evaderet
624 1727 729 1769 versus
753 1706 944 1785 terminati0,
964 1706 1031 1789 jam
1051 1707 1177 1787 saepius
1201 1694 1324 1770 monui-

145 1835 214 1875 mus
238 1816 269 1875 et
292 1834 311 1874 a
331 1810 469 1876 Seidlero
493 1812 524 1875 in
550 1834 680 1876 excursu
705 1812 744 1875 ad
768 1813 884 1875 librum
909 1812 946 1876 de
971 1813 1109 1876 versibus
1134 1812 1324 1877 dochmiacis

146 1918 352 2003 (380-400)
377 1919 451 1982 satis
475 1919 722 1982 demonstratum
750 1924 805 1983 est.
852 1920 952 1996 Quam
976 1919 1102 2003 quidem
1131 1919 1323 2001 praeclaram
1383 1904 1385 1908 i

147 2026 396 2089 observationem
430 2025 523 2089 facile
555 2027 615 2089 erit
647 2027 742 2090 etiam
776 2027 809 2089 in
841 2026 987 2110 dactylis,
1023 2026 1061 2089 de
1094 2026 1208 2109 quibus
1240 2047 1323 2088 nunc

146 2154 290 2216 agemuS,
322 2132 426 2194 divisis
458 2133 679 2196 demonstrare.
732 2131 830 2197 Nullo
861 2134 943 2197 enim
976 2133 1043 2196 loco
1075 2131 1175 2196 altera
1207 2132 1323 2215 dactyli

145 2240 267 2323 syllaba
291 2239 354 2302 fine
377 2238 528 2321 longioris
544 2240 689 2303 vocabuli
709 2240 933 2318 conformatur,
958 2240 1054 2302 immo
1070 2260 1194 2320 semper
1213 2260 1323 2303 mono-

145 2346 267 2429 syllaba
290 2367 365 2409 voce
389 2367 487 2428 eaque
511 2345 549 2408 ad
572 2347 738 2428 insequens
762 2347 947 2412 vocabulum
974 2348 1110 2410 maxime
1135 2347 1320 2428 pertinente.

146 2452 196 2516 lta
227 2451 377 2516 articulus
408 2453 457 2516 vel
487 2454 675 2534 praepositio
707 2454 923 2538 monosyllaba
954 2453 1036 2517 hanc
1068 2455 1190 2517 obtinet
1220 2454 1322 2517 sedem

146 2564 296 2642 sequente
317 2558 481 2642 trisyllabo
498 2559 664 2623 vocabulo:
689 2559 770 2624 Aeli.
789 2563 852 2624 533
873 2561 946 2642 μήτ’
965 2560 998 2622 ἕν
1014 2561 1132 2642 ἀγορᾷς
1158 2560 1240 2642 Equ.
1261 2561 1322 2623 136

147 2667 356 2749 βυρσοδέψης
389 2667 407 2728 ὁ
439 2665 642 2746 Παφλαγώνς
675 2667 802 2731 Thesm.
825 2669 878 2745 27,
903 2668 945 2729 28
977 2672 1092 2730 σιωπῶ
1123 2664 1159 2728 τὸ
1191 2666 1322 2747 05ριονς

149 2774 230 2837 Ran.
251 2775 309 2837 101
341 2771 457 2853 ὀμόσαι
486 2773 563 2834 καθ’
582 2774 691 2854 leptim
725 2775 787 2838 517
818 2775 879 2855 ἤδη
909 2773 946 2835 τὰ
974 2773 1112 2855 τεμάχη;
1145 2772 1229 2835 Plut.
1248 2773 1323 2849 351,

148 2882 222 2958 397,
249 2882 327 2956 8453
362 2880 488 2962 Fragm.
507 2881 605 2942 2381.
653 2880 701 2943 Ex
730 2881 868 2958 elisione,
897 2901 960 2962 qua
989 2879 1088 2943 altera
1116 2878 1232 2962 dactyli
1260 2878 1323 2963 syl-

148 2989 219 3052 laba
248 2986 464 3070 monosyllaba
492 3009 566 3050 voce
590 3009 733 3069 expressa
761 3010 832 3052 cum
861 2991 1010 3070 sequente
1038 2986 1203 3070 trisyllabo
1231 3008 1324 3049 voea-

148 3095 221 3158 bulo
238 3095 374 3157 maxime
390 3093 602 3176 conjungitur,
619 3093 743 3176 plenam
760 3096 879 3158 ducunt
892 3093 1138 3158 excusationem:
1163 3093 1243 3156 Rau.
1262 3095 1321 3157 141

146 3202 191 3264 τὼ
216 3201 270 3263 δύ’
289 3200 408 3281 opole,
434 3201 518 3261 1422
539 3200 743 3282 Ἀλκιβιάδου
767 3200 822 3263 τίν’
841 3203 956 3282 ἔχετον.
1005 3199 1225 3282 Compluribus
1248 3200 1323 3263 loeis

146 3309 206 3371 hoc
230 3329 355 3390 quoque
384 3307 462 3388 pede
486 3307 601 3390 dactyli
626 3306 734 3371 breves
757 3306 896 3391 syllabae
925 3306 1007 3370 binis
1030 3306 1190 3370 vocabulis
1214 3327 1323 3370 mono-

145 3414 274 3498 syllabis
292 3435 454 3495 expressae
470 3413 610 3477 suntsed
634 3415 689 3490 ita,
713 3418 748 3477 ut
767 3435 806 3476 ne
827 3413 956 3476 minima
971 3413 1099 3493 quidem
1115 3414 1198 3477 vocis
1213 3414 1322 3477 remis-

146 3522 232 3585 sione
265 3543 336 3585 cum
368 3522 603 3603 insequentibus
634 3542 697 3583 uno
730 3525 838 3584 tenore
871 3520 1123 3601 pronuntiandae
1153 3520 1226 3582 sint.
1273 3518 1322 3583 Ita

147 3627 225 3690 duae
254 3627 491 3710 monosyllabae
514 3627 669 3690 sententia
699 3631 730 3689 et
757 3627 964 3708 grammatica
992 3625 1113 3689 ratione
1141 3647 1212 3688 cum
1240 3626 1322 3689 inse-

146 3734 315 3815 quentibus
339 3733 577 3816 conjungendae
600 3737 689 3796 sunt:
714 3733 774 3796 Av.
794 3734 877 3795 1213
898 3731 1084 3812 πελάργων;
1108 3732 1137 3793 τί
1150 3730 1184 3793 τὸ
1204 3731 1321 3806 κακόν;

149 3841 233 3904 1273
259 3841 425 3902 κέλευσον
449 3840 478 3900 τί
504 3838 542 3900 σὺ
572 3839 684 3919 λέγειςς
717 3839 842 3902 Thesm.
861 3839 925 3902 610
953 3838 1064 3900 αὐτοῦ·
1094 3838 1122 3899 τί
1147 3836 1181 3899 τὸ
1210 3837 1321 3899 κακόν.

144 3945 256 4009 Altera
284 3946 501 4029 monosyllaba
528 3946 626 4026 priori
655 3947 756 4029 magis
779 3968 811 4009 se
836 3945 990 4026 adjungit,
1019 3947 1055 4005 ut
1078 3965 1148 4007 cnm
1172 3965 1208 4006 ea
1232 3943 1321 4025 quasi

147 4052 338 4136 bisyllabum
355 4052 472 4115 formet
487 4054 618 4116 verbum
635 4054 687 4116 sed
709 4054 739 4116 id
758 4053 892 4114 maxime
912 4050 1072 4133 pertinens
1088 4051 1125 4113 ad
1142 4054 1321 4132 sequentem

146 4179 270 4221 vocem:
303 4158 375 4240 Lys
394 4159 453 4219 851
482 4177 545 4220 σοι·
571 4158 608 4219 σὺ
639 4159 673 4221 δὲ
701 4159 745 4227 τίς
773 4157 813 4230 εἷς
845 4158 928 4220 Plut.
949 4158 1008 4219 161
1035 4155 1089 4218 καὶ
1116 4156 1145 4216 τί
1170 4155 1211 4217 ἔτ’
1231 4157 1320 4235 ἐρεῖς,

151 4265 235 4326 1180
259 4265 386 4335 σωθείς,
413 4264 431 4324 ὁ
456 4264 490 4325 δὲ
514 4265 557 4332 τίς
581 4266 630 4326 ἄν.
