2940 4974
662 330 881 396 -14..

187 530 298 596 sidium
329 530 419 595 nobis
450 530 662 612 quaerendum
692 528 742 592 sit.
789 529 904 612 Agitur
935 529 971 593 de
1000 528 1080 612 Elqu.
1108 551 1138 592 v.
1159 527 1241 593 1041
1273 527 1355 591 ταῦτ’

188 638 309 703 olod'b'
331 663 357 701 n
380 639 475 719 λέγεις
500 637 580 701 Ran.
599 639 661 701 556
686 637 747 698 οὐκ
771 635 894 699 oiod‘d
915 660 942 698 τι
966 636 1078 716 λέγεις;
1108 635 1191 699 Ecol.
1209 635 1272 699 989
1297 635 1356 697 οὐκ

189 745 248 809 οἶδ’
273 746 292 808 ὅ
322 769 349 807 τι
376 745 482 825 λέγεις.
531 743 627 808 Porro
658 743 695 806 de
724 742 795 826 Lys.
825 765 853 806 v.
872 744 913 806 52
945 744 1017 825 μήτ’
1043 744 1161 807 ἀσπίδα
1192 743 1298 824 λαβεῖν
1328 750 1359 805 et

187 849 273 916 Nub.
299 839 409 914 v.'884
437 852 474 920 ὃς
500 850 614 914 τᾶδικα
642 849 745 930 λέγων
776 853 807 912 et
836 849 873 913 de
903 850 1065 932 praeconis
1094 849 1214 913 solenni
1245 850 1359 913 adhor-

188 957 320 1022 tatione:
345 957 477 1020 ἀκούετε
492 957 567 1039 λεῴ,
586 979 667 1041 quae
682 957 799 1041 legitur
815 956 895 1020 Aah.
913 958 1013 1032 100ος
1033 957 1106 1021 Pac.
1121 957 1200 1035 551;
1221 958 1280 1020 Av.
1294 957 1358 1019 448

188 1087 265 1148 quos
287 1085 394 1128 uersus
417 1064 580 1148 Engerum
607 1063 701 1145 plane
724 1063 950 1145 supterfugisse
978 1064 1113 1127 maxime
1139 1062 1245 1126 miror.
1292 1063 1359 1125 Etsi

188 1170 332 1248 concedo,
360 1170 394 1233 in
417 1170 479 1233 illis
503 1170 613 1248 tribus,
637 1192 715 1253 quos
743 1169 844 1252 primo
873 1169 941 1232 loco
965 1169 1067 1247 attuli,
1096 1190 1268 1253 pronomen
1292 1169 1312 1230 ὅ
1334 1193 1360 1231 τι

188 1281 273 1342 arcte
301 1278 450 1361 conjungi
474 1299 545 1342 cum
572 1277 755 1360 insequente
784 1276 879 1340 verbo
903 1281 933 1340 et
961 1277 1115 1340 sententia
1143 1280 1174 1340 et
1201 1296 1360 1359 gramma-

188 1385 251 1449 tica
284 1385 422 1463 ratione,
457 1389 563 1448 tamen
597 1406 699 1467 neque
732 1382 883 1466 intellego
918 1405 973 1448 cur
1008 1383 1158 1467 ejusmodi
1192 1382 1361 1447 solutiones

189 1493 369 1575 ceteroquin
393 1491 433 1555 ab
457 1489 669 1574 Aristophane
697 1489 790 1574 plane
813 1490 930 1554 vitatae
953 1490 1016 1553 sint
1043 1494 1073 1553 et
1097 1510 1174 1573 quos
1201 1494 1361 1573 praeterea

189 1622 252 1662 una
275 1598 367 1663 attuli
390 1620 506 1675 versus,
535 1599 612 1662 adeo
636 1598 808 1662 abhorrent
836 1598 877 1661 ab
901 1596 1132 1678 Aristophaneo
1156 1619 1212 1660 usu
1241 1601 1276 1660 ut
1299 1596 1361 1659 alio

189 1725 251 1788 quo
275 1705 367 1768 modo
391 1705 507 1769 nodum
531 1704 650 1768 solvere
673 1724 835 1786 cogamur.
882 1703 929 1766 Ac
953 1703 1031 1767 mihi
1055 1703 1181 1786 quidem
1209 1725 1272 1766 non
1297 1703 1361 1767 for-

189 1810 270 1876 tuito
293 1809 413 1874 factum
437 1812 568 1889 videtur,
598 1815 634 1875 ut
657 1811 802 1875 omnibus
830 1810 879 1873 his
907 1810 982 1875 locis
1006 1811 1106 1875 altera
1128 1815 1159 1874 et
1183 1810 1276 1874 tertia
1298 1811 1361 1894 syl-

189 1905 262 1982 laba
285 1918 302 1979 t
326 1940 462 1982 consona
490 1919 735 2002 conjungantur.
783 1918 885 2001 Hujus
913 1921 997 1982 enim
1025 1917 1149 1982 litterae
1176 1918 1361 2000 pronuntia-

190 2024 274 2088 tione
303 2046 354 2087 eas
381 2023 518 2108 syllabas
546 2025 645 2088 artius
676 2025 826 2109 conjungi
854 2030 885 2089 et
912 2026 1002 2108 quasi
1031 2026 1064 2089 in
1094 2046 1191 2088 unam
1218 2022 1362 2088 contrahi

189 2131 346 2195 neminem
369 2130 482 2214 fugiat,
508 2153 604 2214 quare
627 2132 711 2196 haud
734 2133 798 2196 scio
813 2155 854 2196 an
878 2133 970 2198 metri
993 2132 1081 2197 labes
1103 2134 1136 2196 in
1160 2132 1208 2196 his
1224 2132 1362 2195 versibus

189 2239 354 2303 statuenda
376 2236 464 2302 nulla
486 2239 536 2302 sit.

279 2345 365 2421 Quae
388 2344 557 2410 solutiones
580 2345 628 2409 his
652 2347 889 2411 excusationum
912 2347 995 2410 ansis
1016 2346 1182 2410 destitutae
1205 2348 1287 2423 sunt,
1312 2366 1363 2408 eas

191 2452 408 2517 emendatione
436 2472 527 2535 egere
558 2453 701 2535 equidem
732 2474 851 2517 censeo.
899 2454 946 2517 Ac
976 2453 1112 2536 primum
1141 2451 1267 2533 quidem
1296 2473 1363 2513 om-

190 2560 282 2625 nibus
297 2558 484 2644 rhythmicis
507 2560 629 2644 legibus
645 2565 802 2643 repugnat
817 2561 944 2624 initium
960 2561 1032 2644 Lys.
1054 2582 1082 2623 v.
1101 2561 1142 2622 24
1159 2560 1315 2623 codicibus
1331 2557 1363 2620 N

191 2668 273 2731 etR
295 2669 338 2731 sic
362 2667 528 2731 traditum:
559 2667 613 2730 καὶ
641 2666 679 2750 νὴ
705 2668 762 2730 Δία
791 2669 886 2750 παχύ.
919 2667 991 2731 εἶτα.
1031 2668 1213 2750 Blaydesius
1237 2666 1363 2750 quidem

192 2795 260 2837 eam
283 2773 471 2856 scripturam
494 2777 530 2837 ut
552 2772 729 2856 legitimam
751 2774 784 2836 in
808 2777 930 2837 textum
953 2774 1072 2856 recepit
1094 2777 1189 2856 atque
1210 2773 1244 2836 in
1264 2795 1364 2837 anno-

191 2880 309 2944 tatione
337 2879 445 2944 critica
468 2879 506 2942 ad
534 2877 619 2943 hunc
647 2901 770 2942 versum
800 2879 1032 2943 excusationem
1063 2879 1128 2961 peti
1155 2900 1243 2961 posse
1273 2882 1365 2962 putat

196 3009 252 3065 „ex
285 3008 321 3051 eo
353 2987 437 3070 quod
470 2986 586 3068 raptim
619 2985 696 3049 haec
729 2985 1005 3068 pronuntiantur“.
1059 2984 1258 3068 Quamquam
1291 3007 1365 3049 vero

192 3093 357 3158 accelerari
380 3092 546 3157 uerborum
570 3093 861 3175 pronuntiationem
885 3093 1029 3175 equidem
1052 3114 1114 3156 non
1139 3113 1231 3176 nego,
1259 3096 1364 3155 tamen

193 3224 229 3267 ea
258 3201 352 3264 talem
375 3199 561 3263 solutionem
586 3199 726 3263 excusari
753 3199 882 3262 minime
906 3199 1007 3278 credo,
1036 3221 1107 3263 cum
1135 3199 1230 3262 verba
1253 3197 1310 3260 Δία
1334 3202 1366 3262 et

192 3307 279 3390 παχύ
302 3306 390 3370 nullo
413 3306 586 3370 sententiae
609 3306 734 3369 vinculo
758 3305 873 3369 artiore
896 3306 978 3369 inter
1000 3327 1032 3369 se
1049 3306 1268 3388 conjungenda
1291 3307 1364 3382 sint,

192 3416 223 3479 id
252 3413 334 3497 quod
358 3412 539 3496 ceteroquin
566 3412 600 3476 in
627 3412 743 3476 talibus
772 3411 979 3476 solutionibus
1007 3411 1046 3475 ab
1069 3411 1281 3494 Aristophane
1309 3415 1366 3476 ob-

193 3525 350 3585 servatum
374 3541 437 3582 esse
460 3519 575 3583 iterum
595 3522 688 3601 atque
712 3518 825 3582 iterum
842 3519 1055 3582 demonstrare
1078 3523 1195 3601 potero.
1242 3519 1366 3583 Primus

194 3627 286 3710 hujus
309 3649 414 3691 uersus
443 3648 586 3690 numeros
610 3625 800 3717 Dindorfius·
821 3625 969 3690 horrebat
993 3630 1023 3690 et
1050 3626 1083 3689 in
1111 3627 1366 3689 annotationibus

194 3733 422 3800 Oxoniensibus
444 3755 475 3816 p.
493 3734 567 3813 758,
592 3755 656 3816 qua
679 3732 778 3796 utitur
802 3755 1030 3816 nonnunquam
1052 3734 1085 3796 in
1106 3732 1245 3798 versibus
1261 3755 1366 3797 emen-

195 3840 303 3904 dandis
338 3839 482 3918 audacia‚
518 3861 573 3921 per
607 3839 853 3903 contractionem
887 3860 1013 3922 prorsus
1045 3839 1239 3923 singularem
1273 3839 1366 3904 scribi

190 3947 282 4029 jubet
305 3947 359 4009 καὶ
382 3944 419 4028 νὴ
442 3945 480 4008 Δὶ
501 3945 597 4028 παχύ.
622 3945 764 4007 κᾶπειτα.
804 3946 946 4010 Rectiore
966 3947 1095 4029 judicic,
1118 3948 1144 4010 si
1168 3946 1243 4030 quid
1266 3946 1366 4023 video,

194 4052 370 4117 Meinelrius
398 4052 508 4116 vitium
539 4053 572 4115 in
600 4072 675 4115 voce
702 4052 759 4114 καί
784 4054 947 4134 quaesivit,
976 4075 1056 4136 quae
1085 4075 1180 4136 quam
1210 4052 1301 4116 facile
1329 4073 1366 4115 ex

195 4162 299 4243 priore
324 4182 412 4224 versu
440 4160 473 4222 in
502 4160 587 4224 hunc
609 4159 774 4223 transferri
801 4159 947 4242 potuerit,
977 4161 1069 4224 facile
1092 4159 1249 4242 intellegis
1273 4164 1367 4242 atque

195 4290 228 4331 re
253 4289 325 4331 vera
349 4290 367 4330 a
390 4270 479 4348 parte
496 4267 637 4331 codicum
653 4266 820 4330 omittitur.
859 4264 970 4349 ltaque
991 4289 1087 4350 quam
1109 4268 1142 4332 in
1161 4266 1367 4330 vindiciarum
