2940 4974
625 325 845 388 ,27-

145 517 278 594 1101110,
307 521 343 580 11
365 517 518 581 nonnulla
541 518 685 599 exempla
708 523 831 600 praesto
854 519 927 596 sint,
955 542 1036 602 quae
1059 542 1130 583 eum
1155 519 1321 583 arctiorem

146 623 230 688 vocis
270 623 441 708 bisyllabae
476 647 547 687 cum
581 625 782 706 sequentibus
816 626 1019 689 sociationem
1057 648 1120 689 non
1157 626 1323 709 appetiisse

146 730 273 794 docent:
298 731 359 794 Ar.
379 733 462 796 1566
486 731 564 794 ἀλλὰ
586 730 623 794 σὺ
645 733 688 801 τίς
710 731 749 805 εἷς
777 733 860 795 1693
886 732 963 794 ἀλλὰ
988 733 1141 814 pepererim
1166 731 1239 816 Lys.
1256 734 1321 796 463

146 836 225 899 ἀλλὰ
250 838 279 900 τί
299 837 360 918 γὰρ
382 840 468 919 aiom
492 839 657 902 11001351
685 838 762 901 ἀλλὰ
788 837 836 917 σὺ,
863 840 926 903 723
951 839 1028 902 ἀλλὰ
1052 839 1140 922 παρὰ
1166 839 1321 915 cottona

147 943 334 1009 Ρ111.1157
368 945 445 1007 ἀλλὰ
478 945 599 1020 dolrem
632 945 757 1009 Thesm.
776 945 840 1008 414
872 943 936 1008 εἶτα
967 945 1019 1008 διά
1051 945 1104 1026 (ab
1131 945 1257 1028 Engero
1288 947 1321 1007 in

147 1050 277 1114 dubium
313 1052 470 1134 1000110);
506 1050 586 1115 Ach.
613 1052 676 1114 616
713 1052 822 1131 ὥσπερ
860 1051 1069 1134 deterrumum
1106 1050 1201 1134 Vesp.
1227 1053 1321 1129 1167,

147 1157 208 1220 Α1.
225 1158 288 1220 441
313 1160 414 1239 ἥνπερ
439 1159 456 1220 ὁ
480 1159 636 1239 πίθηκος
661 1156 733 1240 Lys.
752 1159 808 1232 843
834 1156 1018 1231 Εο01.386;
1044 1156 1128 1220 Plut.
1148 1159 1220 1235 151,
1246 1159 1321 1236 345,

148 1264 223 1327 421.
263 1262 382 1327 Verum
413 1264 506 1328 etiarn
540 1269 634 1347 atque
666 1264 761 1327 etiam
793 1285 889 1346 nego,
922 1264 1118 1347 dactylorum
1151 1264 1245 1327 arsim
1277 1265 1322 1327 ita

148 1370 267 1434 duabus
290 1370 418 1453 syllabis
442 1371 575 1452 exprimi
604 1392 701 1452 posse,
731 1375 766 1433 ut
793 1371 1005 1452 interpunctio
1033 1371 1116 1434 inter
1143 1393 1194 1434 eas
1221 1371 1321 1434 inter-

147 1478 247 1541 cedat.
287 1476 375 1552 Quod
400 1477 526 1560 quidem
553 1478 742 1541 recentiores
771 1477 903 1540 editores
930 1476 963 1539 in
988 1475 1068 1540 Ran.
1093 1478 1156 1539 v.1
1185 1477 1225 1539 89
1249 1482 1321 1545 πῶς

147 1583 224 1664 γάρ;
249 1583 300 1645 ὅτε
324 1583 363 1664 δή
388 1583 527 1647 accidere
550 1587 674 1665 putant.
721 1582 770 1646 Ad
795 1583 889 1664 hujus
912 1605 1017 1646 versus
1037 1582 1225 1646 solutionem
1248 1581 1321 1646 illu-

146 1690 306 1752 strandam
334 1687 472 1752 sufficiat
502 1689 648 1752 brevibus
676 1690 835 1772 repetiisse
864 1713 908 1767 ea,
938 1712 1018 1773 quae
1049 1690 1082 1753 in
1110 1690 1204 1772 primi
1235 1690 1322 1772 pedis

146 1795 353 1859 solutionibus
391 1797 519 1877 exposui
559 1794 613 1876 (cf.
649 1818 680 1878 p.
708 1795 772 1877 10).
830 1795 928 1860 Plane
968 1797 1051 1860 enim
1092 1796 1242 1860 abhorret
1281 1796 1320 1859 ab

147 1902 369 1984 Aristophanis
391 1901 424 1964 in
448 1901 578 1983 pedibus
593 1902 748 1966 solvendis
771 1903 903 1981 ratione,
927 1926 1024 1986 pausa
1040 1904 1182 1987 quamvis
1206 1902 1321 1984 pusilla

147 2009 284 2072 dividere
312 2029 364 2072 eas
395 2007 547 2091 syllabas,
577 2030 656 2091 quae
687 2031 756 2072 cum
788 2009 880 2072 unius
911 2009 1025 2092 longae
1054 2009 1154 2072 vicem
1181 2012 1320 2086 teneant,

146 2120 260 2178 natura
289 2136 325 2177 ac
353 2118 452 2178 metro
481 2114 651 2178 arctissime
679 2116 918 2197 conjungendae
945 2120 1028 2180 sunt.
1075 2113 1186 2197 Itaque
1214 2113 1320 2196 aliquo

146 2223 238 2288 modo
271 2227 371 2287 metro
401 2222 576 2285 sanandum
610 2244 674 2285 esse
706 2223 849 2286 existimo
881 2227 975 2305 atque
1008 2222 1151 2305 equidem
1185 2224 1320 2286 maxime

146 2330 240 2400 velim
267 2329 529 2411 interpunctionis
558 2329 750 2412 insequentis
773 2329 804 2391 vi
828 2333 860 2392 et
883 2329 1000 2393 auxilio
1028 2328 1224 2394 trochaicam
1248 2333 1320 2396 πῶς

146 2436 208 2519 γάρ
232 2435 416 2500 elocutionis
440 2457 618 2499 mensuram
640 2435 843 2517 spondaicam
865 2437 1002 2500 reddere.
1050 2436 1157 2512 Qualis
1185 2435 1320 2518 produc-

146 2544 240 2607 tionis
263 2548 384 2607 certum
405 2542 579 2625 exemplum
604 2543 670 2624 ipse
687 2543 861 2626 Aeschylus
884 2546 1015 2626 praebet
1037 2544 1069 2607 in
1087 2542 1229 2626 choeph.
1245 2543 1320 2620 655,

147 2650 231 2714 aliud
254 2649 467 2713 indubitatum
491 2648 720 2731 Aristophanes
743 2651 776 2712 in
800 2650 891 2714 Pacis
915 2652 1085 2715 10101663
1110 2649 1171 2713 εἷεν
1195 2650 1320 2726 ἀκούω,

147 2757 197 2820 011
220 2757 392 2840 adjungam
416 2779 445 2820 1.
466 2758 550 2820 1284
574 2756 635 2819 εἶεν
658 2756 841 2837 ἐκόρεσθεν.

429 2949 509 3017 VII.
542 2950 593 3016 De
617 2948 774 3036 dactylis
797 2948 902 3016 tertii
925 2950 1038 3037 pedis.

236 3093 405 3158 (laesuram
421 3093 678 3176 semiquinariam
703 3093 817 3156 mirum
841 3098 968 3156 nonest
987 3093 1051 3155 vim
1072 3115 1108 3156 ac
1127 3097 1320 3157 momentum

147 3201 240 3265 etiam
270 3201 304 3262 in
328 3200 524 3282 dactylorum
555 3201 616 3265 huc
640 3200 820 3264 cadentium
847 3200 956 3264 formis
987 3200 1146 3283 praebere.
1193 3200 1319 3263 Etenim

146 3307 240 3390 longe
271 3307 408 3369 maxima
438 3327 510 3388 pars
540 3307 736 3389 dactylorum
760 3307 929 3369 divisorum
961 3309 1006 3370 ita
1035 3307 1170 3370 formata
1198 3311 1252 3385 001,
1285 3310 1321 3369 11

147 3413 242 3498 longa
264 3413 386 3498 syllaba
402 3413 597 3495 exprimatur
620 3413 770 3496 longioris
786 3413 931 3477 vocabuli
951 3413 1063 3476 ultima
1078 3411 1210 3496 syllaba,
1234 3412 1320 3494 prior

148 3521 249 3584 brevis
280 3520 401 3605 syllaba
432 3521 669 3604 monosyllabon
702 3521 865 3584 continens
896 3519 1026 3583 alteram
1056 3519 1185 3583 inchoet
1215 3541 1320 3582 versus

147 3632 277 3710 partem.
332 3625 443 3709 Neque
475 3648 548 3690 vero
580 3648 684 3690 severe
716 3627 868 3691 studuisse
900 3625 1160 3708 Aristophanem,
1193 3630 1228 3688 11
1260 3625 1320 3689 hac

148 3734 298 3798 divideret
321 3755 444 3807 versum
473 3754 610 3810 caesura,
640 3755 678 3797 ex
706 3754 741 3796 00
770 3737 910 3816 apparet,
940 3733 1023 3816 quod
1052 3732 1174 3815 saepius
1203 3731 1320 3815 dactyli

146 3840 242 3922 longa
271 3839 486 3922 monosyllaba
509 3861 584 3903 voce
613 3861 755 3922 expressa
779 3844 824 3903 est
851 3862 914 3903 non
942 3862 1013 3903 cum
1042 3839 1243 3902 antecedente
1267 3837 1319 3902 sed

147 3968 216 4010 cum
242 3951 449 4029 consequente
473 3948 568 4010 verbo
592 3943 821 4028 conjungenda.
868 3944 935 4010 Nos
958 3946 1084 4028 quidem
1112 3946 1171 4009 hoc
1195 3966 1320 4028 quoque

147 4051 214 4115 loco
230 4052 262 4115 id
284 4057 408 4116 tantum
425 4058 566 4117 nostrum
583 4075 647 4117 esse
663 4053 852 4134 putavimus,
876 4056 911 4115 ut
928 4052 1172 4134 Aristophanem
1190 4051 1319 4114 demon-

147 4163 279 4222 stremus
307 4181 477 4242 numquam
502 4160 578 4223 duas
601 4159 736 4242 syllabas
766 4160 872 4222 breves
896 4160 972 4222 arsis
996 4162 1137 4240 tempora
1161 4158 1320 4240 explentes

148 4265 399 4347 interpunctione
416 4272 471 4329 aut
490 4266 552 4330 alia
571 4266 744 4331 sententiae
768 4287 865 4347 pausa
886 4265 1032 4343 dividere,
1055 4265 1151 4329 immo
1174 4264 1320 4329 omnibus
