2940 4974
623 339 844 402 ..31-

147 528 315 610 Velsenus,
346 532 400 615 qui
431 556 458 594 τι
489 533 632 596 voculam
661 538 735 598 ante
763 534 866 598 κακὸν
897 535 1031 616 positam
1061 555 1155 617 aegre
1187 536 1323 600 ferentes

145 638 337 719 seripserunt
360 639 491 702 εὐταυθί
511 639 615 702 κακόν
638 659 677 702 τι·
703 641 749 721 μὰ
773 641 818 703 τὼ
842 642 912 703 θεώ
937 662 1060 704 versum
1082 640 1126 704 sic
1146 624 1242 705 etiam
1261 642 1323 704 dif-

145 743 276 808 ficiliore
300 750 469 828 anapaesto
493 750 666 810 onerantes.
714 746 784 829 lpse
808 747 933 830 quidem
960 747 1112 811 librorum
1135 749 1322 831 scripturam

145 870 270 913 servare
294 851 398 914 velim.
445 849 523 914 (lum
553 851 636 914 enim
659 875 686 912 τι
715 873 888 934 pronomen
913 853 1083 916 arctissime
1112 855 1324 938 conjungatur

146 956 343 1021 antecedenti
367 957 473 1034 verbo,
497 957 610 1021 solutio
627 958 772 1021 similiter
788 963 969 1040 comparata
993 963 1049 1037 est,
1073 981 1109 1023 ae
1132 960 1158 1023 si
1181 960 1323 1044 dactylus

145 1062 179 1125 in
202 1063 265 1127 fine
293 1063 445 1146 longioris
469 1064 552 1127 vocis
577 1069 728 1128 occurrat.
776 1064 869 1129 Hunc
893 1070 997 1129 autem
1026 1066 1222 1148 probandum
1247 1090 1321 1144 esse,

145 1169 171 1232 si
192 1169 369 1251 proximum
386 1170 516 1233 verbum
533 1170 682 1233 continuo
701 1170 934 1252 pronuntiatur,
958 1192 1012 1234 suo
1028 1171 1097 1235 loco
1114 1172 1320 1236 ostendemus

236 1275 280 1338 At
303 1297 503 1359 nequaquam
530 1298 607 1339 sana
635 1299 698 1340 esse
726 1281 828 1359 potest
849 1277 890 1342 ob
918 1299 1045 1341 causam
1072 1279 1164 1342 modo
1193 1278 1322 1342 allatam

146 1381 299 1446 librorum
327 1383 419 1446 lectio
446 1383 480 1446 in
504 1381 564 1446 Av.
589 1406 618 1447 v.
639 1384 700 1446 182
725 1385 847 1446 ἅπαντα
873 1383 924 1445 διὰ
948 1383 1041 1446 τουτό
1066 1408 1110 1464 γε,
1140 1384 1195 1447 nbi
1224 1385 1321 1449 inter-

147 1490 275 1571 punctio
298 1489 485 1553 solutionem
508 1491 659 1572 sequitur,
684 1512 746 1573 quo
770 1491 899 1567 accedit,
924 1495 960 1552 ut
982 1490 1059 1554 haec
1083 1490 1175 1554 lectio
1196 1496 1322 1555 senten-

146 1597 224 1659 tiam
254 1599 404 1678 praebeat
432 1597 490 1660 toti
521 1597 589 1660 loco
619 1619 730 1679 parum
760 1601 866 1679 aptam
895 1601 925 1660 et
955 1597 1138 1679 praesertim
1168 1597 1208 1660 ab
1233 1602 1322 1661 antc-

145 1704 274 1767 cedente
304 1704 457 1786 διέρχεται
487 1704 622 1767 maxime
645 1703 877 1768 abhorrentem.
924 1702 998 1767 Sine
1028 1703 1123 1766 dubio
1152 1705 1322 1785 genuinam

146 1834 252 1875 versus
275 1810 410 1874 formam
427 1810 546 1874 detexit
562 1811 717 1893 Bergkius
733 1810 871 1875 scribens
894 1809 945 1871 διὰ
962 1809 1075 1872 τούτου
1098 1809 1142 1873 sio
1158 1811 1322 1876 consulens

146 1941 252 1982 versus
275 1923 306 1982 et
329 1922 429 1981 metro
453 1922 484 1981 et
506 1918 618 1981 sensui.

235 2024 416 2089 [rectionem
440 2046 503 2088 non
528 2024 630 2087 minus
654 2024 813 2086 hominem
837 2024 1001 2087 metricum
1021 2023 1231 2088 offendentem
1256 2024 1322 2088 edi-

145 2134 229 2195 tores
253 2131 380 2214 quidam
404 2131 598 2194 intruserunt
622 2132 724 2194 versui
746 2129 832 2193 Eccl.
852 2132 949 2208 1037,
976 2152 1068 2212 quem
1093 2131 1243 2211 ἀμέτρως
1267 2153 1324 2213 per

89 2219 92 2223 Δ
146 2239 266 2302 codices
288 2238 332 2301 sic
356 2237 502 2320 legimus:
527 2243 709 2300 παῖταῦτυν
730 2237 843 2313 ἕλκεις
869 2235 923 2299 τὸυ
943 2238 1082 2319 ἐμαυτῆς
1102 2238 1182 2317 ἄγα).
1222 2237 1321 2300 Aldus

145 2345 229 2408 enim
254 2365 387 2426 eumque
410 2345 507 2407 secuti
524 2343 683 2407 Brunhins
705 2347 736 2406 et
752 2342 934 2407 Dindorfius
957 2345 1002 2407 ita
1025 2345 1192 2426 pristinam
1215 2366 1321 2407 versus

145 2452 280 2515 formam
303 2450 473 2513 restituisse
495 2450 556 2513 sibi
572 2450 630 2513 visi
653 2454 735 2527 sunt,
760 2454 795 2512 ut
812 2451 996 2514 scriberent:
1021 2458 1080 2514 τταῖ
1093 2457 1205 2514 τοῦτον
1221 2452 1321 2521 ἕλκεις

146 2558 199 2630 σύ;
225 2557 278 2620 τὸν
302 2558 442 2638 ἐμαυτῆς
466 2558 583 2637 εἰσάγω
609 2557 704 2620 nescii
729 2556 888 2641 dactylum
911 2563 981 2639 post
1007 2558 1142 2640 priorem
1167 2558 1320 2639 syllabam

147 2667 273 2728 brevem
300 2665 433 2727 incisum
464 2664 502 2726 ab
528 2663 759 2746 Aristophaneo
788 2664 930 2727 trimetro
960 2663 1052 2746 plane
1077 2664 1321 2746 abjudicandum

146 2791 218 2833 esse.
255 2770 342 2846 Quod
359 2769 485 2852 quidem
504 2770 632 2833 minime
648 2770 733 2853 fugit
747 2769 940 2849 Dobraeum‚
961 2772 1015 2853 qui
1034 2770 1112 2834 illud
1129 2771 1168 2833 σύ
1185 2771 1321 2834 retinens

145 2876 343 2940 scribendum
368 2877 517 2960 proponit
535 2882 598 2950 4ττοῖ
617 2883 730 2940 τοῦτον
753 2878 901 2947 sinitram
925 2879 978 2955 ους
1008 2877 1062 2940 τὸν
1086 2879 1224 2960 ἐμαυτῆς
1248 2879 1319 2957 ἅμα)

145 2984 293 3047 nimirum
322 2984 366 3046 sic
394 2984 512 3065 optime
539 2985 702 3048 consulens
726 2989 838 3049 metro
886 2988 930 3048 At
957 3006 1016 3067 ego
1044 2986 1110 3048 sine
1139 2984 1203 3047 ulla
1230 2985 1321 3048 dubi-

146 3091 265 3154 tatione
292 3089 430 3172 palmam
454 3090 588 3153 concedo
613 3089 772 3156 Meinelrio
795 3093 968 3156 removenti
996 3097 1032 3155 ut
1056 3113 1320 3172 supervacaneum

146 3197 222 3261 illud
247 3197 285 3260 σύ
310 3201 405 3279 atque
428 3198 577 3260 scribenti
602 3203 661 3260 παῖ
680 3204 792 3261 τοῦτον
816 3200 930 3275 ἕλκειςς
961 3200 1003 3268 εἰς
1027 3200 1167 3280 ἐμαυτῆς
1191 3200 1319 3279 εἰσάγω,

146 3309 181 3367 ut
208 3306 367 3387 responsio
391 3305 511 3367 oriatur
536 3304 699 3385 aptissima
726 3305 976 3387 interrogationi.
1023 3304 1122 3369 Miror
1146 3305 1320 3388 Bergkium

147 3410 228 3475 hanc
244 3435 262 3475 a
278 3412 444 3495 Blaydesio
461 3417 492 3474 et
508 3410 644 3475 Velseno
663 3416 823 3494 receptam
842 3412 1052 3493 conjecturam
1078 3411 1204 3476 horrere
1226 3415 1320 3494 atque

148 3539 334 3601 proponere:
363 3524 422 3579 παῖ
442 3523 553 3580 τοῦτον
578 3518 677 3587 ἕλκεις
701 3519 819 3598 <iudom
849 3518 903 3580 τὸν
927 3519 1065 3599 ἐμαυτῆς
1088 3519 1170 3598 ἄγα),
1199 3520 1231 3581 in
1257 3540 1320 3600 qua

147 3625 362 3688 emendatione
379 3623 545 3686 articulum
562 3629 632 3705 post
646 3631 759 3687 τοῦτον
776 3623 880 3687 omitti
895 3647 956 3688 non
975 3645 1063 3706 posse
1079 3623 1180 3707 quivis
1196 3624 1318 3707 videt.¹)

234 3731 308 3794 Non
336 3731 439 3794 minus
467 3731 674 3794 necessarium
699 3735 745 3794 est
770 3753 826 3794 nos
849 3731 1009 3794 consulere
1034 3730 1117 3794 Plut.
1142 3754 1170 3793 v.
1196 3754 1225 3793 v.
1245 3732 1318 3807 171,

149 3839 220 3915 174,
245 3840 318 3915 176,
342 3837 396 3899 ubi
420 3837 493 3900 libri
517 3837 550 3898 in
573 3838 666 3901 tertio
689 3838 767 3920 pede
790 3838 943 3919 praebent
964 3836 1150 3900 solutionem
1174 3837 1319 3899 omnibns

146 3944 332 4026 rhythmicis
360 3942 482 4025 legibus
511 3945 645 4007 maxime
673 3949 918 4027 repugnantem:
950 3943 1021 4025 οὐχὶ
1050 3943 1110 4005 dui.
1158 3942 1227 4007 Hoc
1250 3943 1317 4025 jam

235 4101 254 4164 ¹)
273 4103 377 4156 Eodem
391 4104 469 4168 vitia,
489 4121 543 4171 quo
562 4104 725 4168 hienstede,
746 4105 892 4171 corruptus
911 4103 1017 4170 legitur
1034 4120 1084 4172 per
1101 4103 1208 4156 codices
1222 4101 1317 4171 Eurip.

145 4192 244 4260 fragm.
258 4211 284 4245 v.
298 4195 382 4255 533‚1
401 4191 513 4258 τερττυὸυ
529 4191 557 4242 τὸ
571 4199 631 4259 φῶς
644 4213 690 4258 μοι
704 4193 771 4244 τόδ’·
792 4193 852 4244 ὑπό.
884 4191 1048 4248 Rectissime
1061 4192 1204 4246 Nanckins
1221 4191 1319 4246 scribit

145 4279 173 4328 τὸ
193 4287 253 4345 (μῦς
273 4281 339 4330 τόδ’·
360 4281 376 4329 ὁ
395 4282 418 4331 δ’
432 4280 485 4330 ὑττό
504 4281 550 4346 (cl.
571 4282 631 4335 Uar.
650 4282 780 4336 Muelleri
798 4282 899 4336 librum
920 4281 955 4336 de
973 4280 1036 4350 ped.
1056 4281 1106 4335 sol.
1125 4279 1196 4346 524,
1210 4278 1246 4345 8).
