2940 4974
672 320 868 382 ..8„

186 517 276 598 φέρε·
309 516 353 577 σε’-
374 514 465 577 adcor
495 517 530 577 ut
558 515 666 578 breves
696 512 836 596 syllabae
867 513 979 597 longae
1012 514 1079 577 loco
1110 516 1228 597 positae
1259 515 1356 580 inter-

66 643 68 647 *
185 621 353 705 punctione
388 621 594 703 sejungantur
632 625 726 704 atque
764 620 983 684 dilacerentur.
1038 618 1160 684 Solutio
1197 621 1358 685 simillima

186 728 320 792 occurrit
342 727 374 788 in
392 725 477 790 Nub.
495 751 523 791 v.
541 728 615 806 238,
639 728 665 791 si
689 727 841 808 probatur
857 726 1051 791 Ravennatis
1067 726 1199 789 aliorum
1216 728 1357 791 codicum

185 835 277 898 lectio
301 835 349 895 ἵνα
373 857 414 914 με
439 833 570 916 διδάξῃς
597 833 825 916 praebentium,
855 857 949 918 quam
979 834 1143 897 lectionem
1168 856 1206 897 ex
1229 835 1358 899 metrica

186 941 306 1004 ratione
336 962 399 1003 non
431 940 546 1003 habere
576 940 610 1002 in
642 961 704 1022 quo
732 940 926 1004 offendamus
957 941 1106 1023 exemplis
1134 963 1228 1024 supra
1255 940 1358 1004 allatis

186 1047 262 1110 satis
288 1046 410 1111 elucere
441 1047 519 1110 mihi
550 1047 682 1110 videtur.
729 1046 803 1110 Non
827 1048 929 1111 minus
959 1051 1043 1111 arcte
1074 1070 1168 1130 quam
1197 1048 1359 1111 encliticae

186 1154 336 1236 proximis
364 1153 465 1217 verbis
492 1175 558 1217 sese
586 1154 764 1237 adjungunt
793 1155 862 1236 μέν,
889 1155 932 1228 δέ,
958 1155 1019 1236 γάρ
1048 1154 1221 1236 particulae
1249 1155 1280 1217 in
1310 1155 1359 1218 his

186 1283 332 1325 versuum
355 1260 466 1324 initiis:
491 1260 572 1323 Ach.
591 1263 654 1326 754
679 1261 741 1323 ὅκα
760 1262 833 1342 μένς
858 1260 944 1326 Nub.
963 1263 1026 1326 792
1051 1263 1117 1324 ἄπο
1138 1262 1214 1343 γάρς
1239 1259 1299 1325 Av.
1318 1263 1358 1326 76

186 1369 256 1430 τοτέ
286 1368 346 1448 μέν
379 1365 567 1448 (Meinelrius
597 1367 745 1450 proponit
777 1368 828 1430 ὅτε
860 1366 952 1450 μέν),
987 1367 1071 1432 Ecol.
1098 1369 1161 1433 714
1194 1368 1251 1449 ἐμὲ
1283 1369 1359 1449 γάρ;

189 1474 271 1537 Ρ101.
290 1475 351 1538 887
377 1474 423 1537 ὅτι
448 1474 496 1552 οέ;
524 1472 585 1538 Av.
606 1474 665 1536 181
691 1474 736 1537 ὅτι
762 1474 797 1537 δέ
820 1475 916 1557 (quod
947 1497 1009 1538 non
1034 1478 1080 1538 est
1107 1497 1255 1538 curcum
1280 1475 1360 1538 Din-

188 1581 296 1657 dorfio,
320 1581 470 1645 Richtero
494 1579 548 1662 (ad
564 1579 659 1663 Vesp.
678 1579 757 1660 853)
781 1581 814 1644 in
836 1581 902 1663 ὁτιή
928 1581 964 1644 δέ
986 1581 1165 1660 mutemus),
1196 1581 1255 1644 Av.
1276 1583 1358 1646 1167

189 1690 239 1751 ἴσα
264 1688 334 1770 γάρ.
380 1688 463 1752 Huic
486 1689 718 1752 tribrachorum
743 1689 979 1753 formandorum
994 1690 1110 1754 rationi
1134 1693 1243 1772 utpote
1267 1689 1360 1773 plane

189 1799 353 1878 cognatam
382 1797 487 1858 statim
516 1796 697 1878 adjungam,
726 1818 822 1878 quam
849 1796 881 1859 in
907 1795 1001 1878 Vesp.
1027 1798 1092 1860 v.3
1121 1797 1254 1879 legimus
1277 1797 1361 1861 solu-

188 1902 306 1967 tionem
329 1902 432 1964 κακόν
455 1903 529 1983 ἄρα,
556 1903 672 1986 qnippe
700 1903 732 1965 in
757 1925 820 1986 qua
847 1902 925 1966 illud
949 1904 1013 1985 ἄρα
1043 1925 1106 1967 non
1134 1904 1237 1967 minus
1260 1909 1361 1967 artam

189 2009 296 2092 exigat
312 2010 575 2092 conjunctionem,
601 2031 696 2093 quam
713 2031 790 2092 quas
815 2010 906 2074 modo
923 2010 1085 2074 attulimus
1100 2010 1229 2075 voculae
1252 2032 1361 2074 mono-

189 2116 338 2201 syllabae.

279 2223 430 2286 Dissimili
460 2222 553 2287 modo
581 2223 769 2287 conformati
796 2227 870 2286 sunt
900 2222 1053 2286 tribrachi
1081 2246 1100 2286 a
1128 2223 1282 2308 bisyllaba
1311 2245 1362 2286 or·

190 2331 309 2395 dientes
339 2329 584 2411 praepositione,
613 2329 721 2412 quales
751 2351 807 2411 per
835 2334 952 2392 ceteros
980 2352 1105 2413 quoque
1134 2352 1241 2393 omnes
1271 2331 1363 2413 pedes

190 2437 375 2502 invenimus.
422 2435 533 2520 Neque
562 2458 635 2500 vero
664 2437 697 2499 in
726 2437 769 2500 eis
800 2436 1012 2515 haerebimus,
1045 2459 1115 2501 oum
1146 2438 1242 2520 ipsius
1272 2458 1363 2519 prae-

191 2544 351 2627 positionis
381 2567 451 2608 cum
482 2545 665 2628 insequente
693 2566 765 2609 casu
794 2544 966 2608 arctissimo
999 2567 1082 2609 nexu
1110 2545 1185 2608 satis
1217 2543 1363 2627 praesidii

190 2653 258 2717 fieri
282 2652 430 2716 solutioni
445 2652 551 2715 statim
575 2650 806 2734 intellegamus.
852 2650 923 2714 Huc
938 2650 1108 2715 referendi:
1133 2651 1215 2734 Equ.
1231 2673 1261 2715 v.
1279 2651 1362 2714 1008

191 2760 263 2843 περὶ
286 2759 564 2840 Λακεδαιμονίων,
590 2757 685 2841 Vesp.
703 2760 789 2822 1199
814 2758 865 2821 ἐπὶ
887 2757 1047 2841 νεότητοςς
1072 2780 1165 2842 porro
1191 2758 1261 2842 Lys.
1280 2759 1360 2823 1101

192 2868 242 2932 ἐπὶ
264 2869 304 2945 τί;
329 2865 456 2930 Thesm.
474 2866 538 2929 489
563 2864 650 2947 παρὰ
675 2864 737 2928 τὸν.

280 2973 422 3039 Secundo
454 2972 522 3037 loco
554 2973 770 3056 perquiramus
800 2992 851 3036 eos
880 2972 1070 3050 tribrachos,
1102 2994 1236 3055 quorum
1267 2971 1364 3036 altera

193 3081 294 3146 brevis
317 3080 439 3165 syllaba
460 3078 734 3162 comprehenditur
756 3078 866 3142 vocula
890 3077 1116 3164 monosyllaba.
1164 3078 1224 3142 Hic
1241 3100 1364 3162 quoque

191 3186 365 3266 solutionis
389 3208 484 3270 quam
501 3184 720 3267 Aristophanis
739 3185 900 3268 propriam
917 3207 981 3248 esse
998 3185 1142 3263 diximus
1166 3207 1278 3269 nempe
1296 3188 1364 3267 μέν,

190 3297 237 3369 de‘,
267 3296 327 3377 γάρ
359 3293 531 3376 particulas
561 3293 594 3356 in
623 3293 724 3358 altera
752 3293 873 3376 syllaba
905 3292 1060 3371 habentis,
1091 3292 1245 3375 imprimis
1275 3315 1365 3357 accu-

192 3404 290 3466 ratius
322 3401 507 3484 indagemus
538 3399 688 3482 exempla.
737 3400 841 3483 Atque
871 3401 954 3463 inter
983 3399 1150 3463 articulum
1178 3399 1305 3482 quidem
1336 3403 1367 3461 et

192 3510 423 3574 substantivum
446 3508 649 3572 inveniuntur
672 3507 731 3571 hae
754 3506 926 3590 particulae
950 3507 983 3570 in
1010 3506 1060 3570 his
1084 3506 1172 3571 locis:
1203 3506 1284 3570 Ach.
1302 3508 1366 3570 813

192 3617 247 3680 τὸν
269 3616 329 3699 μὲν
352 3617 474 3697 ἔτερον;
499 3614 572 3678 Pac.
591 3616 654 3679 548
679 3615 697 3677 ὁ
722 3614 757 3677 δὲ
778 3614 1033 3696 δρεπανοῦργοςς
1058 3614 1119 3677 Av.
1139 3615 1222 3677 1118
1246 3613 1283 3676 τὰ
1308 3613 1367 3692 μὲν

193 3726 273 3806 depo,
299 3723 384 3786 1583
408 3722 444 3784 τὰ
470 3722 504 3785 δὲ
528 3723 623 3804 κρέο;
651 3721 731 3786 Ρ101.
749 3723 812 3786 687
838 3720 933 3803 ὁγὰρ
951 3721 1062 3803 ἱερεύς,
1089 3721 1151 3784 696
1176 3720 1194 3781 ὁ
1219 3720 1253 3781 δὲ
1274 3719 1366 3796 01όςς

195 3830 323 3912 Fragm.
343 3830 404 3893 186
433 3829 510 3891 ὅδὲ
538 3829 683 3910 μεθύων.
730 3827 889 3892 Nimirum
918 3850 1007 3892 voces
1037 3827 1084 3891 his
1114 3825 1230 3924 voculis
1258 3848 1367 3890 mono·

194 3937 322 4021 syllabis
345 3938 529 4020 conjunctas
552 3937 725 4000 sententiae
748 3937 778 3999 vi
803 3936 892 4019 quasi
920 3935 952 3998 in
984 3957 1081 3998 unum
1104 3934 1274 3998 coalescere
1299 3955 1366 3997 ver·

195 4047 271 4109 bum
287 4043 514 4126 Aristophanes
529 4043 671 4126 sumpsit,
694 4043 740 4106 ita
762 4047 798 4106 ut
821 4065 884 4106 non
908 4042 1033 4106 timeret
1056 4040 1118 4104 alia
1134 4062 1259 4125 quoque
1274 4062 1366 4105 voca-

196 4150 270 4215 bula
293 4151 336 4214 eis
360 4150 550 4233 conjungere
573 4154 609 4212 ut
630 4148 725 4233 Vesp.
745 4151 830 4215 1374
853 4149 882 4211 τί
904 4150 938 4212 δὲ
961 4149 997 4212 τὸ
1020 4148 1135 4230 μέλανς
1159 4146 1286 4211 Thesm.
1304 4148 1366 4210 361

195 4258 224 4321 τί
254 4256 288 4321 δὲ
319 4255 398 4341 μετὰ
428 4262 530 4320 τοῦτο.
577 4255 647 4322 Uno
679 4259 802 4321 tantum
836 4255 903 4320 loco
934 4254 1089 4322 tribrachi
1119 4253 1218 4318 altera
1248 4253 1369 4339 syllaba
