2940 4974
628 350 850 412 „37-

145 540 257 624 Atque
286 543 318 606 in
335 544 428 606 Aah.
457 543 582 625 quidem
612 565 702 606 versu
725 546 788 607 615
817 566 923 608 veram
950 545 1137 627 scripturam
1165 544 1326 609 Bentleius

145 669 163 710 e
190 647 304 712 scholii
329 650 368 713 ad
391 672 420 713 v.
439 650 501 713 617
526 649 629 712 verbis
655 642 857 733 investigasse
881 651 1003 714 videtur
1025 652 1223 715 scribendum
1252 672 1325 732 pro-

145 775 282 835 ponens,
308 756 361 817 ὗπ’
379 756 495 835 ἐράνου
520 777 576 838 pro
600 755 681 835 ὑπὲρ
706 757 838 838 ε’ράνου;
870 758 930 821 nisi
954 758 1035 821 forte
1058 757 1198 840 Reisigio
1221 779 1326 820 assen-

145 861 292 925 tiendum
326 883 364 924 ex
396 861 504 925 eodem
533 861 652 925 scholio
684 867 805 926 cruenti
836 889 880 926 υπ
916 887 1050 944 ερανιον.
1105 862 1142 927 ln
1173 863 1325 944 Equitum

147 973 258 1032 autem
292 990 380 1032 versu
406 969 469 1031 676
500 972 555 1031 aut
585 967 715 1049 vulgata
745 969 928 1032 servandam
961 970 1025 1050 ἐγὼ
1055 970 1088 1032 δὲ
1117 969 1153 1031 τὰ
1183 967 1325 1051 κορίανν’

148 1075 314 1157 ἐπριάμην
346 1075 550 1157 άπαόραμών
582 1080 647 1152 aut,
676 1075 702 1137 si
732 1075 897 1138 lectionem
931 1098 969 1139 ex
1000 1076 1104 1140 codice
1135 1076 1164 1139 R
1194 1077 1325 1157 petitam

148 1182 375 1263 ὑπεκδραμών
389 1184 567 1264 probamus,
585 1183 852 1264 transponendum
869 1204 940 1246 cum
957 1181 1140 1260 Fritzschio,
1157 1181 1325 1259 Meinelrio,

149 1286 289 1351 Velseno
312 1289 345 1350 in
370 1289 434 1368 ἐγὼ
459 1288 487 1351 δ’
505 1289 666 1371 ἐπριάμην
687 1289 723 1350 τὰ
748 1290 889 1371 κορίανν’
907 1289 1136 1370 ὑπεκδραμάιν.
1176 1288 1212 1350 ln
1230 1288 1325 1370 Vesp.

149 1395 286 1478 denique
309 1417 337 1457 v.
358 1397 421 1459 967
447 1396 641 1460 consulemus
665 1417 770 1458 versus
793 1395 931 1478 rythmo,
959 1417 1029 1458 cum
1053 1395 1102 1458 vel
1127 1394 1326 1457 Dindorfium

151 1507 317 1583 sequentes
340 1501 510 1565 scribemus
534 1503 594 1564 ἕλει
617 1524 674 1583 pro
698 1502 774 1564 ἐλέει
798 1501 848 1565 vel
869 1501 982 1564 codicis
999 1501 1024 1563 B
1042 1501 1210 1583 probamus
1228 1502 1326 1583 scrip-

150 1612 258 1670 turam
274 1607 347 1677 τοὺς
371 1609 536 1671 articulum
555 1613 627 1672 ante
651 1609 976 1688 ταλαιπωρουμένους
992 1609 1123 1672 verbum
1142 1609 1325 1671 omittentis.

245 1713 356 1798 Itaque
375 1738 492 1792 omnes,
517 1716 570 1799 qui
594 1715 697 1778 adhuc
720 1715 761 1778 ab
778 1714 999 1798 Aristophanis
1019 1715 1189 1778 editoribus
1212 1714 1327 1796 prolati

152 1826 237 1899 sunt,
261 1822 552 1904 proceleusmaticos
575 1823 762 1905 perscrutati
781 1827 885 1904 atque,
912 1826 946 1885 ut
968 1823 1057 1886 nobis
1078 1823 1229 1899 videmur,
1253 1842 1326 1903 pro-

153 1927 252 1990 babili
281 1931 372 1994 modo
400 1929 511 1994 velex
540 1928 669 1993 metrica
693 1930 815 1993 ratione
841 1929 998 1992 declarare
1026 1929 1075 1991 vel
1104 1929 1196 2010 plane
1224 1949 1326 1990 remo-

152 2057 239 2098 mere
262 2038 365 2099 conati
394 2058 457 2099 non
486 2036 664 2100 dubitamus
691 2037 806 2099 iterum
834 2035 966 2098 firmiter
995 2036 1181 2100 contendere
1204 2034 1327 2097 Aristo-

152 2142 291 2222 phanem
315 2163 538 2225 usquequaque
562 2142 688 2220 cavisse,
713 2147 748 2205 ut
771 2164 810 2205 ne
830 2147 885 2204 aut
904 2142 1045 2224 jambum
1071 2146 1127 2204 aut
1143 2141 1327 2204 trochaeum

152 2249 187 2310 in
219 2252 368 2330 quattuor
400 2249 533 2312 solveret
564 2249 699 2333 syllabas
731 2251 762 2313 id
795 2255 841 2313 est
873 2249 1199 2332 proceleusmaticum,
1233 2272 1327 2332 quem

152 2353 271 2429 dicunt,
295 2355 405 2436 pedem
429 2355 462 2418 in
485 2378 607 2419 versum
632 2356 774 2419 inferret.

244 2674 413 2756 Postquam
438 2675 520 2738 hanc
536 2674 768 2756 disceptationis
792 2680 917 2738 nostrae
940 2679 1061 2756 partem
1079 2676 1115 2737 ad
1135 2676 1230 2739 finem
1253 2697 1324 2756 per-

154 2781 308 2857 duximus,
337 2782 450 2845 iterum
476 2803 672 2845 commonere
700 2781 778 2844 libet
805 2781 894 2858 illud,
923 2781 1005 2844 unde
1033 2784 1100 2844 tota
1126 2782 1326 2845 ratiocinatio

154 2893 263 2950 exorta
287 2892 343 2966 est,
367 2888 623 2970 Aristophanem,
647 2889 790 2971 quamvis
813 2888 939 2951 insolita
963 2891 1103 2951 uteretur
1125 2890 1240 2971 pedum
1263 2888 1325 2951 sol-

154 2994 324 3058 vendorum
348 2995 480 3071 ratione,
504 3017 665 3077 nunquam
689 3017 785 3077 usque
804 3017 839 3059 eo
862 3015 1063 3077 progressum
1083 3017 1146 3058 esse
1170 2996 1325 3071 licentiae,

154 3106 188 3162 ut
215 3101 328 3184 longae
351 3101 491 3184 syllabae
520 3101 587 3164 loco
611 3102 687 3163 duas
716 3103 823 3164 breves
851 3106 990 3183 poneret,
1021 3124 1102 3184 quae
1133 3123 1195 3164 non
1220 3102 1325 3184 aliquo

154 3209 244 3271 modo
272 3209 515 3271 continerentur.
565 3207 651 3283 Quae
681 3208 806 3288 quidem
834 3207 959 3271 vincula
987 3213 1098 3290 poetae
1127 3210 1237 3271 idonea
1261 3208 1326 3270 visa

153 3315 215 3377 sint
238 3316 276 3377 ad
300 3315 490 3378 solutionum
509 3314 655 3377 duritiem
675 3314 894 3377 emolliendam
917 3320 949 3378 et
971 3337 1070 3397 paene
1094 3315 1325 3390 removendam,

154 3421 290 3502 primum
315 3421 373 3485 hoc
396 3421 504 3484 labore
527 3443 545 3483 a
569 3420 657 3484 nobis
681 3421 856 3483 accuratius
880 3422 1093 3485 examinatum
1117 3427 1173 3497 est,
1202 3427 1232 3484 et
1256 3421 1326 3502 qui·

155 3529 200 3589 vis
231 3529 332 3609 primo
361 3533 488 3610 aspectu
515 3527 679 3609 intelleget
702 3549 757 3590 nos
781 3549 843 3590 non
867 3527 1055 3611 acquievisse
1078 3529 1111 3589 in
1135 3527 1324 3590 solutionum

155 3633 397 3697 enumeratione.
445 3633 527 3698 Sane
550 3634 735 3716 quibusdam
759 3633 835 3697 locis
852 3633 963 3717 aliquis
987 3632 1078 3696 aliter
1094 3635 1218 3710 sentiat,
1243 3638 1325 3695 certe

155 3738 202 3802 his
226 3740 360 3822 cognitis
383 3762 475 3803 nemo
495 3742 564 3822 jam
588 3741 782 3820 conjecturas
805 3741 952 3821 proferet,
977 3738 1084 3823 quales
1109 3763 1127 3802 a
1151 3739 1324 3815 Dindorfio,

153 3843 322 3921 Meinelrio,
347 3845 416 3908 aliis
439 3850 576 3909 tentatas
599 3846 770 3909 identidem
794 3846 1007 3922 refutavimus,
1035 3867 1136 3927 neque
1160 3847 1325 3926 quisquam

153 3950 289 4032 syllabas
313 3952 421 4015 breves
445 3952 559 4035 longae
583 3952 650 4015 loco
674 3954 790 4034 positas
814 3952 1065 4034 interpunctione
1089 3952 1242 4033 sejunget.
