2940 4974
626 328 845 390 -33-

483 561 547 629 IX.
577 562 628 628 De
652 562 986 648 proceleusmatico.

236 711 285 775 Ex
314 712 412 797 longo
442 718 583 797 tempore
614 716 755 780 homines
785 717 830 780 rei
861 717 1009 780 metricae
1037 716 1130 800 periti
1155 721 1321 800 quaerunt,

146 841 222 881 num
240 818 476 903 Aristophanes
493 844 555 904 qua
573 826 651 885 esset
666 823 757 886 metri
770 824 924 886 tractandi
940 823 1072 901 incuria,
1089 846 1125 887 eo
1141 845 1323 907 progressus

146 926 188 988 sit
211 925 365 1005 licentiae,
390 931 425 991 ut
441 927 535 991 etiam
558 929 718 1010 anapaesti
742 928 870 1012 longam
887 929 1043 1014 syllabam
1065 931 1098 993 in
1116 931 1191 993 duas
1213 930 1322 994 breves

146 1033 282 1097 solveret
309 1033 340 1096 id
365 1038 411 1097 est
438 1034 749 1117 proceleusmaticum
775 1036 876 1119 jambi
904 1037 972 1099 loco
997 1036 1099 1100 versui
1127 1037 1320 1102 immitteret.

147 1139 236 1215 Quod
267 1139 392 1224 quidem
424 1146 497 1206 ante
528 1142 633 1206 omnia
664 1143 704 1207 ob
733 1166 801 1206 eam
833 1143 968 1207 maxime
999 1166 1065 1206 rem
1096 1144 1322 1208 dubitationem

147 1247 238 1310 nobis
268 1253 393 1312 moveat
422 1270 544 1313 necesse
569 1254 625 1328 est,
647 1238 727 1313 ¹cum
754 1250 811 1312 tali
840 1251 931 1314 modo
960 1249 1043 1320 ποὺς
1066 1250 1197 1320 κύκλιος
1221 1251 1322 1332 jambi

146 1352 217 1417 loco
240 1354 358 1435 positus
381 1356 414 1417 in
435 1359 584 1438 quattuor
607 1360 749 1438 tempora
772 1356 921 1435 solvatur,
946 1358 1028 1441 quod
1054 1356 1117 1420 ullo
1141 1357 1232 1420 modo
1253 1357 1322 1420 fieri

146 1481 237 1542 posse
260 1465 380 1525 veteres
403 1463 524 1526 metrici
545 1464 583 1526 ad
607 1486 705 1526 unum
726 1486 832 1528 omnes
857 1469 984 1547 negant.
1031 1462 1110 1539 Quid
1136 1465 1217 1547 quod
1239 1466 1323 1547 ejus-

148 1567 232 1631 modi
255 1568 512 1651 prooeleusmatio
535 1571 667 1653 probato
683 1571 896 1653 compluribus
915 1571 1015 1653 iisque
1035 1571 1171 1634 maxime
1189 1570 1322 1634 firmatis

146 1675 224 1738 locis
247 1676 390 1758 cogimur
416 1677 536 1741 duabus
564 1677 693 1762 syllabis
721 1679 867 1743 brevibus
895 1678 1148 1760 interpunctione
1176 1678 1322 1760 sejunctis

147 1781 260 1865 longae
277 1783 358 1846 vices
375 1784 522 1863 tribuere,
547 1807 641 1868 quam
663 1786 754 1849 metri
773 1785 928 1849 tractandi
947 1784 1181 1868 neglegentiam
1199 1785 1321 1848 Aristo·

147 1888 285 1972 phanem
308 1914 470 1975 nunquam
493 1893 553 1955 sibi
576 1892 739 1956 indulsisse
763 1916 781 1956 a
803 1893 893 1956 nobis
916 1893 990 1956 satis
1014 1914 1168 1975 superque
1192 1891 1320 1955 demon-

147 2000 281 2061 stratum
313 2002 368 2061 est.
416 1998 530 2074 Quodsi
559 2000 608 2063 his
636 2000 810 2063 rationibus
839 1999 915 2063 moti
944 1999 1118 2062 infitiamur
1146 1999 1322 2080 proceleus-

146 2105 298 2169 maticum
315 2106 417 2189 jambi
433 2107 501 2171 loco
523 2109 598 2190 poni
618 2129 716 2190 posse,
741 2111 836 2171 restat
851 2111 886 2170 ut
901 2129 1060 2170 sumamus
1076 2106 1321 2188 Aristophanem

148 2233 167 2273 a
190 2211 382 2293 tragicorum
406 2213 628 2276 consuetudine
649 2213 848 2276 aberrantem
872 2234 1099 2294 nonnunquam
1119 2216 1321 2293 anapaestum

147 2322 217 2399 post
247 2319 406 2402 dactylum
438 2319 487 2382 vel
518 2321 713 2384 tribrachum
744 2319 913 2383 admisisse.
960 2319 1028 2395 Qua
1058 2341 1092 2383 re
1124 2341 1185 2382 non
1218 2318 1321 2381 minus

148 2447 252 2488 versus
268 2425 453 2508 rhythmum
469 2430 500 2490 et
515 2425 705 2509 elegantiam
718 2425 868 2489 confundi
885 2429 916 2488 et
930 2424 1109 2507 perturbari
1121 2423 1187 2505 jam
1202 2428 1319 2487 veteres

147 2532 268 2595 metrici
303 2533 427 2615 penitus
462 2537 687 2615 perspexerunt
722 2537 816 2616 atque
852 2530 948 2594 talem
983 2531 1169 2594 solutionem
1204 2530 1320 2594 abhor-

147 2643 292 2716 ruerunt,
325 2643 503 2703 nostrorum
536 2645 641 2704 autem
674 2640 838 2704 hominum
872 2660 979 2702 earum
1010 2660 1116 2701 rerum
1150 2638 1320 2720 peritorum

147 2747 300 2829 imprimis
325 2746 518 2811 Godofredus
542 2747 741 2812 Hermannus
765 2748 798 2809 in
822 2747 958 2829 epitome
983 2746 1143 2809 doctrinae
1171 2745 1319 2808 metricae

148 2853 329 2935 explicatius
346 2877 415 2918 eam
438 2876 503 2919 rem
521 2855 666 2938 disquirit
681 2860 776 2938 atque
799 2853 935 2916 maxime
959 2853 998 2916 ob
1016 2875 1084 2917 eam
1107 2875 1174 2916 rem
1191 2852 1319 2914 demon-

146 2963 224 3022 strat
252 2983 271 3024 a
298 2961 456 3024 veteribus
487 2961 586 3043 potitis
617 2962 730 3025 horum
762 2960 877 3042 pedum
908 2959 1162 3042 conjunctionem
1189 2960 1319 3021 vitatam

147 3088 219 3146 esse,
250 3068 333 3149 quod
360 3067 522 3131 tribracho
551 3067 601 3132 vel
624 3067 748 3151 dactylo
772 3070 976 3148 anapaestum
1000 3065 1204 3147 praecedente
1228 3068 1319 3148 quat-

147 3176 216 3236 tuor
239 3173 272 3235 in
295 3173 376 3236 thesi
399 3172 538 3257 syllabae
561 3174 633 3252 sint,
661 3174 692 3235 id
717 3175 800 3256 quod
827 3195 957 3237 numero
980 3172 1139 3236 trochaico
1163 3174 1319 3254 repugnet

147 3279 200 3361 (cf.
226 3279 354 3344 Godolr.
380 3280 591 3361 HermannuS,
615 3281 760 3365 Epitome
784 3280 801 3362 ἓ
822 3280 909 3361 133).

234 3404 319 3480 Quae
340 3428 410 3470 cum
433 3407 479 3469 ita
494 3407 568 3481 sint,
591 3428 660 3469 cum
691 3404 985 3488 proceleusmaticus
1009 3424 1110 3485 neque
1133 3422 1190 3484 pro
1210 3401 1319 3483 jambo

146 3512 273 3576 tolerari
296 3512 402 3594 possit,
426 3514 458 3577 id
482 3513 564 3595 quod
589 3513 702 3576 nostris
725 3512 917 3595 argumentis
941 3508 1146 3574 demonstrari
1167 3509 1319 3587 uideatur,

145 3640 245 3702 neque
278 3642 335 3702 pro
365 3620 528 3695 trochaeo,
561 3619 592 3682 id
623 3620 705 3702 quod
737 3618 937 3682 Hermannus
968 3616 1143 3681 luculenter
1174 3616 1319 3694 ostendit,

146 3725 207 3788 alia
234 3725 285 3790 via
315 3726 505 3790 solutionum
534 3726 600 3809 ejus
630 3726 714 3789 modi
743 3725 997 3809 explicandarum
1027 3723 1231 3807 ingredienda
1263 3727 1318 3785 est.

145 3831 192 3894 Ac
222 3833 311 3896 nobis
339 3833 464 3917 quidem
494 3855 531 3896 ex
562 3832 617 3896 illa
648 3833 716 3915 ipsa
745 3833 778 3896 in
809 3832 1021 3915 compluribus
1051 3831 1127 3894 locis
1158 3829 1220 3893 huc
1247 3851 1319 3910 per-

146 3938 317 4002 tinentibus
346 3944 527 4003 occurrente
558 3939 810 4022 interpunctione
839 3961 902 4002 una
932 3941 966 4003 in
989 3961 1025 4002 ea
1056 3939 1235 4020 quaestione
1265 3959 1318 4000 ex-

145 4044 272 4126 plicatio
297 4047 360 4127 peti
384 4069 471 4129 posse
492 4047 623 4110 videtur.
663 4046 757 4110 Libet
772 4067 969 4110 commonere
985 4069 1031 4123 ea,
1054 4067 1136 4128 quae
1156 4044 1318 4107 attulimus

145 4171 217 4232 pag.
238 4152 278 4215 10
303 4153 339 4214 ad
365 4152 445 4216 Ach.
463 4176 490 4216 v.
513 4155 595 4217 1023
620 4153 738 4228 addam
767 4152 840 4215 ἀπό.
887 4152 921 4218 si
945 4156 1027 4215 recte
1050 4173 1081 4214 se
1105 4151 1211 4228 habet,
1235 4151 1318 4232 quod

145 4256 200 4320 illo
229 4257 297 4320 loco
321 4260 554 4342 explicavimus,
582 4261 843 4343 interpunctionis
872 4258 1064 4343 insequentis
1088 4258 1119 4321 vi
1143 4280 1177 4322 ac
1206 4262 1319 4320 natura

1142 4368 1159 4419 3
