2940 4974
663 345 883 407 -36-

186 561 308 623 semper
335 539 451 622 plurali
480 543 596 603 utatur.
643 538 729 615 Quae
753 540 831 605 duae
853 538 1033 604 offensionis
1057 559 1153 602 ausae
1181 536 1275 601 simul
1303 535 1367 601 tol·

187 648 306 724 luntur,
330 647 355 710 si
378 647 492 711 codicis
515 645 539 711 G
563 647 732 728 accipimus
756 645 919 712 lectionem
945 646 1078 709 ἀκούετε
1102 644 1285 729 praebentis
1307 665 1367 727 pro

188 755 353 832 ἀκούετον,
377 759 413 818 ut
436 755 580 838 equidem
602 775 665 816 non
689 753 882 838 intellegam,
910 775 967 817 cur
990 753 1125 817 editores
1149 773 1214 816 non
1238 751 1368 836 acquie-

187 861 291 925 verint
312 861 346 923 in
369 883 416 925 ea.

276 966 351 1032 Non
374 989 486 1051 operae
509 967 645 1049 pretium
667 965 747 1030 mihi
771 987 834 1029 esse
851 965 975 1030 videtur
999 965 1125 1048 longius
1145 964 1305 1048 disputare
1326 962 1367 1026 de

188 1072 329 1138 Nubium
352 1097 382 1139 v.
400 1075 475 1152 845,
499 1075 553 1157 qui
578 1097 596 1138 a
618 1075 775 1156 plerisque
798 1072 956 1138 codicibus
979 1072 1023 1137 sic
1046 1073 1196 1137 traditus:
1226 1071 1367 1152 πότερον

187 1182 365 1264 παρανοίας
384 1180 480 1244 αὐτὸν
500 1182 679 1263 εἰσαγαγὼν
697 1183 761 1246 ἔλα)
781 1204 800 1245 a
819 1180 978 1245 Brunckio
1002 1201 1137 1263 eumque
1159 1184 1265 1244 secuto
1281 1176 1366 1242 Din-

188 1287 286 1353 dorfio
309 1287 556 1370 proponentibus
578 1288 697 1369 πότερα
719 1287 890 1351 inferendis
913 1287 1051 1351 numeris
1074 1286 1203 1350 vitiatus
1226 1289 1282 1350 est.

276 1392 389 1477 Neque
417 1397 462 1457 est
490 1394 571 1477 quod
600 1394 725 1477 longius
753 1394 936 1458 haereamus
965 1393 998 1457 in
1022 1392 1095 1457 Pac.
1120 1415 1150 1457 v.
1170 1393 1245 1471 246,
1273 1390 1367 1474 cujus

187 1505 306 1566 rectam
329 1502 515 1583 scripturam
543 1502 664 1565 codices
688 1500 725 1564 R.
743 1500 822 1565 sV
845 1502 1007 1583 praebent,
1035 1501 1068 1564 in
1098 1501 1212 1584 quibus
1240 1521 1298 1582 pro
1323 1497 1365 1561 ἰὼ

188 1607 326 1690 Μέγαρα
356 1608 474 1690 legitur
502 1605 530 1670 ὦ
558 1607 708 1689 Μέγαρα,
739 1608 789 1671 vel
816 1609 850 1671 in
873 1607 953 1690 Equ.
978 1630 1007 1671 v.
1030 1609 1059 1685 7,
1090 1607 1146 1670 ubi
1173 1628 1243 1670 cum
1276 1605 1365 1670 codi-

187 1714 275 1780 cibus
293 1713 382 1779 Rssc
413 1736 470 1797 pro
499 1715 621 1777 αὐταῖσι
648 1715 846 1779 scribendum
874 1715 991 1793 αὐταῖς,
1020 1713 1071 1778 vel
1098 1713 1129 1777 in
1156 1713 1236 1777 Rau.
1260 1735 1290 1777 v.
1309 1714 1362 1792 76,

188 1823 277 1904 cujus
305 1821 427 1884 numeri
454 1821 602 1903 impedite
630 1820 791 1903 profluunt
819 1821 892 1901 οὐχί
916 1820 1069 1884 vocabulo
1096 1821 1130 1884 in
1159 1821 1197 1883 οὐ
1227 1825 1362 1885 mutate.

276 1928 371 1992 Haud
404 1929 497 1993 dubie
528 1929 682 2011 corruptis
713 1928 851 1992 numeris
883 1927 1007 1991 laborat
1039 1926 1119 1992 Aah.
1153 1952 1182 1993 v.
1211 1929 1251 1994 78
1286 1928 1362 2000 τοὺς

188 2037 314 2100 πλεῖστα
344 2037 544 2118 δυναμένους
571 2042 766 2118 καταφαγεῖν
794 2060 826 2098 τε
853 2035 908 2098 καὶ
935 2040 1031 2113 πιεῖν,
1062 2057 1157 2118 quern
1189 2036 1364 2100 curandum

188 2143 243 2208 alii
275 2143 352 2207 alias
386 2144 586 2226 protulerunt
621 2143 863 2207 emendationes,
918 2141 1094 2206 Meinekius
1129 2143 1291 2227 proponit,
1329 2147 1365 2205 ut

188 2250 329 2315 deleatur
357 2249 512 2332 particula
535 2274 577 2328 τε,
602 2250 683 2332 quod
713 2272 749 2313 eo
777 2249 847 2331 plus
874 2248 981 2327 habet,
1007 2270 1069 2332 quo
1096 2249 1187 2313 nobis
1213 2248 1363 2327 arrideat,

188 2379 260 2421 cum
289 2356 348 2439 ipsi
377 2357 498 2421 codices
526 2356 553 2418 B
582 2361 613 2420 et
641 2356 665 2418 P
697 2356 779 2419 hanc
806 2355 948 2420 voculam
979 2357 1138 2420 omittant.
1186 2354 1245 2420 Sed
1276 2355 1362 2419 haud

187 2464 251 2527 scio
271 2486 311 2526 an
335 2462 502 2527 aMorello
525 2467 608 2527 recte
631 2463 811 2546 requiratur
832 2461 965 2544 simplex
981 2468 1110 2544 φαγεῖν;
1134 2463 1175 2527 cf.
1192 2462 1363 2546 Theophil.

189 2570 228 2634 fr.
246 2572 281 2633 3:
307 2570 437 2651 ἀνδρῶν
461 2569 613 2632 ἁπάντῶν
635 2570 763 2632 πλεῖστα
787 2570 965 2650 δυνάμενος
989 2576 1111 2652 φαγεῖν.

260 2675 379 2739 'Nemo
403 2676 471 2757 jam
495 2676 627 2752 dubitet,
651 2676 727 2759 quin
756 2697 853 2757 prava
875 2675 916 2738 sit
944 2676 1097 2740 librorum
1126 2676 1218 2741 lectio
1243 2675 1278 2740 in
1300 2674 1362 2740 Av.

186 2806 216 2847 v.
237 2783 336 2846 1383:
366 2781 506 2844 σκυτάλι’
524 2782 675 2865 ἐφόρουν,
700 2782 768 2845 νυνὶ
793 2782 821 2844 δ’
840 2783 1097 2865 ὑποστρέψαντες
1120 2781 1171 2858 αὗ,
1195 2783 1363 2865 paesertim

187 2912 258 2954 cum
291 2889 503 2952 antecedentis
538 2912 642 2953 versus
671 2889 774 2953 verbis
806 2889 947 2971 ἐκόμων,
977 2890 1103 2963 ε’πίνων,
1136 2889 1363 2972 ε’σανκράτιζσν,

188 2996 341 3078 ἐρρύπων
364 3000 514 3078 appareat
537 2997 588 3060 hic
611 2996 761 3060 orationis
780 2996 1025 3061 concinnitatem
1048 2996 1217 3079 postulare,
1240 3001 1277 3059 ut
1299 3018 1363 3060 uno

187 3105 282 3167 verbo
312 3103 507 3186 significetur
539 3126 596 3167 res.
648 3103 736 3179 Quod
769 3103 895 3187 quidem
922 3104 988 3187 jam
1019 3103 1175 3166 Porsonus
1205 3101 1363 3167 intellexit

187 3215 282 3294 atque
315 3211 513 3275 scribendum
549 3211 711 3294 proposuit
746 3211 1054 3293 ἑσκυταλιοφόρουν,
1086 3211 1170 3293 quod
1204 3231 1259 3274 suo
1289 3209 1362 3292 jure

186 3316 329 3399 plerique
352 3317 538 3380 recentiores
562 3318 694 3380 editores
718 3321 913 3398 receperunt.

276 3421 445 3486 Manifesto
462 3423 662 3487 librariorum
678 3423 775 3486 errori
792 3423 921 3487 debetur
937 3422 1030 3487 lectio
1047 3444 1152 3485 uersus
1165 3420 1261 3504 Vesp.
1274 3422 1359 3485 1169

187 3528 280 3592 etiam
310 3551 329 3591 a
358 3529 523 3611 Blaydesio
555 3535 589 3593 ut
616 3552 692 3593 sana
722 3535 860 3613 recepta:
894 3530 955 3593 ὡδὶ
986 3529 1114 3611 προβὰς
1144 3527 1304 3612 τρυφερόν
1335 3551 1363 3590 τι

189 3635 471 3700 διασαλακώνισον.
518 3636 566 3699 Ex
598 3657 714 3719 magno
748 3659 878 3701 numero
910 3637 1164 3701 emendationum
1195 3657 1214 3699 a
1246 3633 1362 3699 criticis

187 3743 474 3806 commendatarum
499 3743 643 3826 quaesit
671 3743 807 3807 maxime
837 3744 1000 3826 probanda
1023 3742 1166 3825 equidem
1187 3741 1361 3805 discernere

187 3871 251 3912 non
284 3849 393 3914 ausim.
441 3849 535 3913 Forse
569 3855 687 3914 rectum
720 3850 799 3914 vidit
832 3850 1012 3914 Dindorfius
1045 3849 1291 3912 ὁιασαικώνισον
1323 3870 1362 3911 ex

189 3954 350 4038 Hesychio
374 3960 406 4019 et
429 3955 543 4020 Photio
567 3979 687 4020 eruens.

277 4061 431 4144 Denique,
461 4084 500 4125 ne
523 4063 599 4144 quid
622 4064 866 4144 praetermisisse
888 4061 1005 4139 videor,
1030 4061 1166 4124 breviter
1192 4058 1360 4142 proferam,

189 4167 263 4249 quid
295 4169 492 4231 statuendum
525 4172 633 4249 putem
665 4170 701 4232 de
731 4169 810 4234 Ach.
839 4191 868 4231 v.
888 4169 968 4245 615,
1000 4168 1080 4250 Equ.
1109 4189 1138 4229 v.
1159 4168 1236 4243 676,
1263 4165 1359 4248 Vesp.

189 4296 217 4336 v.
237 4273 312 4350 967,
337 4294 414 4356 quos
438 4274 475 4336 ad
499 4297 590 4338 sanos
614 4297 758 4339 numeros
777 4276 844 4357 jam
869 4274 985 4336 dudum
1009 4274 1141 4337 editores
1160 4272 1359 4336 rettulerunt.
