2940 4974
624 341 843 405 ..35-

144 541 195 616 ut,
225 558 281 602 cur
312 535 539 619 Aristophanes
569 536 639 601 illos
670 541 736 601 tam
767 537 915 620 impedite
945 537 1145 619 procedentes
1178 536 1319 620 elegerit,

144 644 232 709 nullo
256 644 350 710 modo
370 643 514 728 intellegi
537 645 643 726 possit.

233 750 308 816 Non
339 752 440 814 minus
467 756 627 833 suspectus
656 756 712 814 aut
739 751 891 815 editorum
920 751 1189 816 emendationibus
1217 752 1321 815 minus

144 863 284 924 tentatus
308 862 354 923 est
377 856 462 923 Nub.
481 881 509 922 v.
527 860 591 923 663
616 858 811 940 ἀλεκτρυόνα
831 857 912 920 κατὰ
932 858 1025 922 ταύτὸ
1045 858 1098 921 καὶ
1117 857 1172 921 τὸν
1190 859 1319 940 ἄρρενα.

145 964 224 1030 Cum
245 964 383 1030 Porsono
406 965 605 1029 scribendum
628 967 770 1028 videatur
790 965 967 1047 ἀλεκτροῶ,
990 964 1168 1029 Meinelrius
1191 964 1321 1047 conjicit

146 1073 303 1155 ἀλέκτορα
332 1071 413 1135 κατὰ
436 1071 539 1135 ταύτὸ.
586 1070 667 1136 Illud
692 1072 910 1155 rejiciendum,
942 1075 1024 1157 quod
1049 1072 1192 1138 Socrates
1215 1071 1320 1154 quoti·

145 1179 270 1244 dianam
294 1179 415 1244 dicendi
439 1180 573 1243 formam
596 1180 776 1262 vituperans
793 1180 917 1263 vulgari
940 1181 1043 1246 forma
1068 1181 1114 1243 uti
1135 1180 1236 1257 debet,
1261 1178 1321 1242 hoc

146 1309 218 1351 cum
248 1285 320 1350 inde
349 1286 451 1370 jambi
479 1284 592 1351 solutio
621 1286 741 1349 oriatur
769 1288 810 1351 ab
833 1286 1066 1370 Aristophanes
1097 1284 1321 1351 consuetudine

145 1393 239 1476 plane
262 1392 443 1457 abhorrens,
479 1391 602 1457 Vitium
626 1414 731 1456 versus
754 1393 852 1458 latere
875 1396 908 1457 in
931 1394 1034 1458 verbis
1058 1393 1139 1457 κατὰ
1162 1397 1256 1455 τοῦτο
1280 1392 1321 1454 ab

146 1500 215 1565 aliis
228 1500 385 1564 codicibus
400 1499 491 1564 aliter
503 1500 636 1582 scriptis,
649 1521 730 1582 quae
742 1500 958 1586 dittographia
971 1502 1117 1565 abierunt
1131 1501 1166 1564 in
1181 1500 1225 1577 id,
1237 1498 1321 1582 quod

147 1607 175 1671 R
199 1612 230 1671 et
252 1608 317 1672 fere
340 1628 447 1672 omnes
477 1607 596 1671 habent
622 1608 809 1688 καταταύτό,
838 1613 938 1674 metro
964 1608 1065 1672 invito
1088 1613 1120 1670 et
1143 1606 1322 1670 abundante

147 1712 302 1798 particula
323 1737 355 1776 τε
379 1735 422 1778 vs.
440 1714 516 1790 662,
544 1713 664 1795 primus
686 1714 842 1778 intellexit
864 1714 1066 1778 Hermannus
1090 1717 1186 1795 atque
1208 1711 1322 1776 codicis

148 1819 230 1885 Flor.
252 1819 283 1882 Φ
304 1821 490 1901 scripturam
515 1820 651 1902 probans
674 1823 837 1903 proposuit
859 1821 914 1884 καὶ
936 1820 1030 1883 ταύτὸ
1054 1819 1263 1895 scribendum,
1290 1818 1321 1881 id

147 1926 229 2010 quod
260 1927 447 1990 recentiores
478 1927 610 1990 editores
641 1931 677 1990 ut
705 1927 860 2006 Kockius‚
889 1927 1087 2012 Blaydesius‚
1119 1925 1323 1991 Leeuwenius

145 2033 284 2118 recipere
315 2055 376 2096 non
408 2033 643 2112 dubitaverunt,
675 2056 746 2098 cum
770 2056 876 2098 versus
903 2036 1006 2098 sensui
1037 2035 1081 2098 sic
1109 2033 1323 2098 consuleretur

147 2161 210 2204 non
235 2142 338 2204 minus
361 2163 456 2224 quam
480 2146 590 2205 metra.

235 2247 411 2311 Maximum
442 2252 544 2311 autem
577 2248 717 2312 laborem
750 2253 1010 2331 consumpserunt
1040 2247 1141 2312 critici
1172 2248 1206 2310 in
1238 2246 1322 2311 Plut.

147 2376 176 2418 v.
196 2355 277 2418 1011
308 2355 472 2418 tractando
502 2355 535 2417 in
566 2355 709 2437 plurimis
736 2356 894 2420 codicibus
923 2355 967 2420 sic
993 2355 1124 2419 tradito:
1156 2354 1323 2436 νηττάριον

148 2461 265 2524 ἄνκαὶ
288 2461 419 2543 φάττιον
442 2462 659 2542 ὑπεκορίζετο,
684 2466 719 2525 ut
741 2466 797 2526 aut
819 2461 1113 2544 proceleusmaticus
1132 2460 1232 2542 jambi
1253 2460 1321 2524 loco

147 2567 265 2651 positus
292 2568 460 2630 sumendus
487 2567 528 2631 sit
556 2571 611 2631 aut
638 2568 817 2632 tribrachus
844 2572 1049 2649 anapaestum
1078 2566 1264 2631 antecedens
1291 2570 1323 2630 et

147 2675 191 2739 sic
220 2674 346 2751 incisus,
378 2677 414 2736 ut
444 2674 484 2737 ab
507 2674 740 2757 Aristophanea
768 2676 990 2740 consuetudine
1019 2675 1112 2759 plane
1143 2674 1322 2738 abhorreat.

149 2783 250 2860 Quare
272 2801 379 2844 onmes
398 2781 437 2843 ad
457 2803 555 2844 unum
576 2782 709 2846 editores
729 2803 784 2846 suo
800 2782 871 2864 jure
890 2804 995 2846 versus
1015 2782 1169 2846 medelam
1189 2781 1323 2843 circum-

148 2892 326 2972 spexerunt.
366 2886 467 2964 Quam
495 2888 622 2972 quidem
652 2889 707 2953 uni
737 2892 968 2971 proposuerunt
999 2887 1165 2952 lectionem
1194 2886 1324 2967 φάττιον

150 2997 318 3079 ἐκορίζετο,
341 3017 389 3074 ea,
409 3015 479 3059 cum
503 2996 575 3059 inde
596 2995 749 3059 tribrachi
765 2995 885 3060 oriatur
906 2995 1015 3059 incisio
1034 2995 1074 3058 ab
1091 2992 1324 3075 Aristophanes

150 3100 372 3168 consuetudine
403 3101 496 3183 plane
529 3102 646 3180 aliena,
675 3125 714 3167 ex
747 3103 878 3167 metrica
908 3104 1030 3166 ratione
1062 3101 1235 3184 rejicienda
1268 3105 1322 3163 est.

152 3209 309 3273 Audacius
335 3228 430 3291 quam
458 3209 642 3290 prudentius
666 3209 822 3274 Porsonus
849 3209 985 3273 tentavit
1012 3208 1179 3291 νηττάριον
1204 3209 1323 3270 ὑπεκο-

151 3319 241 3399 ρίζετ’
260 3318 299 3379 ἂν
323 3316 377 3378 καὶ
400 3316 530 3398 φάττιον
554 3316 689 3380 Bentleii
712 3319 738 3380 si
764 3317 918 3400 recipiens
940 3315 1164 3379 correctionem
1193 3315 1323 3396 φάττιον

150 3446 206 3507 pro
229 3423 347 3505 βάττον.
394 3423 536 3486 Palmam
565 3424 626 3488 hoc
652 3424 721 3488 loco
751 3423 879 3487 meritus
902 3443 966 3487 esse
995 3421 1073 3484 mihi
1097 3421 1221 3483 videtur
1244 3419 1324 3483 Mei-

150 3528 270 3607 narius,
292 3531 346 3612 qui
366 3551 424 3612 pro
445 3530 576 3612 φάττιον
590 3532 788 3595 scribendum
811 3530 958 3613 proponit
977 3529 1098 3610 φάβιον
1119 3525 1324 3609 (columbula,

150 3637 377 3702 deminutivum
394 3659 413 3700 a
429 3659 503 3702 voce
518 3637 619 3720 φάψ),
644 3643 679 3702 ut
698 3643 729 3702 et
749 3658 856 3700 sensus
875 3636 1001 3701 curetur
1023 3640 1054 3700 et
1078 3635 1198 3698 numeri
1224 3634 1323 3697 multo

151 3745 261 3809 melius
284 3744 452 3826 profluant.

240 3851 345 3913 Etiam
376 3852 477 3934 magis
508 3851 647 3916 abundat
678 3851 858 3915 criticorum
888 3848 1159 3914 emendationibus
1184 3845 1324 3911 Acharn.

153 3979 181 4021 v.
200 3959 274 4032 733,
300 3979 392 4040 quem
416 3958 449 4020 in
473 3958 616 4040 plurimis
631 3957 720 4021 libris
743 3957 787 4022 sic
809 3956 957 4040 legimus:
983 3954 1138 4018 ἀκούετον
1159 3955 1208 4036 δή,
1232 3953 1324 4017 nord-

152 4069 214 4146 χετ’
232 4064 303 4146 ε’μὶν
326 4064 383 4127 τὰν
406 4066 551 4147 γαστέρα.
590 4065 658 4141 Quo
680 4066 712 4128 in
737 4086 826 4128 versu
847 4084 910 4128 non
930 4064 1030 4128 solum
1052 4062 1203 4146 jugulato
1226 4066 1325 4127 metro

153 4172 341 4236 offendimur
363 4172 415 4236 sed
439 4172 532 4235 etiam
556 4192 686 4236 numero
711 4172 796 4236 duali
819 4172 909 4236 rerbi
932 4170 1097 4247 ἀκούετον,
1121 4191 1191 4233 cum
1215 4167 1326 4249 Mega·

147 4280 251 4343 -rensis
267 4279 299 4342 in
316 4279 571 4345 antecedentibus
588 4284 619 4343 et
634 4278 895 4362 consequentibus
911 4278 1019 4341 ambas
1035 4276 1148 4340 filiolas
1164 4276 1327 4358 alloquens
