<?xml version="1.0" encoding="UTF-8"?>
<!DOCTYPE html PUBLIC "-//W3C//DTD XHTML 1.0 Transitional//EN"
    "http://www.w3.org/TR/xhtml1/DTD/xhtml1-transitional.dtd">
<html xmlns="http://www.w3.org/1999/xhtml" xml:lang="en" lang="en">
 <head>
  <title>
</title>
<meta http-equiv="Content-Type" content="text/html;charset=utf-8" />
  <meta name='ocr-system' content='tesseract 3.04.00' />
  <meta name='ocr-capabilities' content='ocr_page ocr_carea ocr_par ocr_line ocrx_word'/>
</head>
<body>
  <div class='ocr_page' id='page_1' title='image "./dearsibussoluti00ponggoog_0019.png"; bbox 0 0 2940 4974; ppageno 0'>
   <div class='ocr_carea' id='block_1_1' title="bbox 676 342 895 409">
    <p class='ocr_par' dir='ltr' id='par_1_1' title="bbox 676 342 895 409">
     <span class='ocr_line' id='line_1_1' title="bbox 676 342 895 409; baseline -0.005 -17"><span class='ocrx_word' id='word_1_1' title='bbox 676 342 895 409; x_wconf 60' lang='lat'><strong>..15-</strong></span> 
     </span>
    </p>
   </div>
   <div class='ocr_carea' id='block_1_2' title="bbox 201 537 1371 946">
    <p class='ocr_par' dir='ltr' id='par_1_2' title="bbox 201 537 1371 946">
     <span class='ocr_line' id='line_1_2' title="bbox 201 537 1369 623; baseline -0.002 -16"><span class='ocrx_word' id='word_1_2' title='bbox 201 561 287 607; x_wconf 88' lang='lat' dir='ltr'><strong>suam</strong></span> <span class='ocrx_word' id='word_1_3' title='bbox 312 540 345 603; x_wconf 91' lang='lat' dir='ltr'><strong>in</strong></span> <span class='ocrx_word' id='word_1_4' title='bbox 368 537 453 604; x_wconf 87' lang='lat' dir='ltr'><strong>Eccl.</strong></span> <span class='ocrx_word' id='word_1_5' title='bbox 478 562 506 604; x_wconf 84' lang='lat' dir='ltr'><strong>v.</strong></span> <span class='ocrx_word' id='word_1_6' title='bbox 525 539 610 604; x_wconf 99' lang='grc'>1124</span> <span class='ocrx_word' id='word_1_7' title='bbox 633 542 804 621; x_wconf 85' lang='lat' dir='ltr'><strong>inductam,</strong></span> <span class='ocrx_word' id='word_1_8' title='bbox 833 543 888 606; x_wconf 91' lang='lat' dir='ltr'><strong>ubi</strong></span> <span class='ocrx_word' id='word_1_9' title='bbox 912 542 1122 623; x_wconf 77' lang='grc' dir='ltr'><strong><em>ἐκλεγομένας</em></strong></span> <span class='ocrx_word' id='word_1_10' title='bbox 1147 542 1276 605; x_wconf 85' lang='lat' dir='ltr'><strong>verbum</strong></span> <span class='ocrx_word' id='word_1_11' title='bbox 1299 562 1369 606; x_wconf 81' lang='lat' dir='ltr'><strong>sen-</strong></span> 
     </span>
     <span class='ocr_line' id='line_1_3' title="bbox 202 647 1371 730; baseline 0 -19"><span class='ocrx_word' id='word_1_12' title='bbox 202 651 318 713; x_wconf 90' lang='lat' dir='ltr'><strong>tentiae</strong></span> <span class='ocrx_word' id='word_1_13' title='bbox 334 652 364 712; x_wconf 92' lang='lat' dir='ltr'><strong>et</strong></span> <span class='ocrx_word' id='word_1_14' title='bbox 388 651 487 711; x_wconf 90' lang='lat' dir='ltr'><strong>metro</strong></span> <span class='ocrx_word' id='word_1_15' title='bbox 503 647 698 730; x_wconf 89' lang='lat' dir='ltr'><strong>aptissimum</strong></span> <span class='ocrx_word' id='word_1_16' title='bbox 723 653 824 712; x_wconf 90' lang='lat' dir='ltr'><strong>mutat</strong></span> <span class='ocrx_word' id='word_1_17' title='bbox 847 650 880 711; x_wconf 93' lang='lat' dir='ltr'><strong>in</strong></span> <span class='ocrx_word' id='word_1_18' title='bbox 904 648 1113 730; x_wconf 79' lang='grc' dir='ltr'><em>ἐκλεγόμενος</em></span> <span class='ocrx_word' id='word_1_19' title='bbox 1136 653 1172 711; x_wconf 90' lang='lat' dir='ltr'><strong>ut</strong></span> <span class='ocrx_word' id='word_1_20' title='bbox 1194 649 1371 713; x_wconf 81' lang='lat' dir='ltr'><strong>tribrachus</strong></span> 
     </span>
     <span class='ocr_line' id='line_1_4' title="bbox 202 736 1370 838; baseline 0.001 -19"><span class='ocrx_word' id='word_1_21' title='bbox 202 757 323 833; x_wconf 86' lang='lat' dir='ltr'><strong>existat,</strong></span> <span class='ocrx_word' id='word_1_22' title='bbox 349 754 436 836; x_wconf 86' lang='lat' dir='ltr'><strong>cujus</strong></span> <span class='ocrx_word' id='word_1_23' title='bbox 464 754 572 818; x_wconf 84' lang='lat' dir='ltr'><strong>breves</strong></span> <span class='ocrx_word' id='word_1_24' title='bbox 600 754 713 838; x_wconf 84' lang='lat' dir='ltr'><strong>longae</strong></span> <span class='ocrx_word' id='word_1_25' title='bbox 741 754 809 819; x_wconf 89' lang='lat' dir='ltr'><strong>loco</strong></span> <span class='ocrx_word' id='word_1_26' title='bbox 836 756 956 838; x_wconf 81' lang='lat' dir='ltr'>positae</span> <span class='ocrx_word' id='word_1_27' title='bbox 978 736 1117 838; x_wconf 88' lang='lat' dir='ltr'><strong>syllabae</strong></span> <span class='ocrx_word' id='word_1_28' title='bbox 1140 755 1259 819; x_wconf 92' lang='lat' dir='ltr'><strong>duobus</strong></span> <span class='ocrx_word' id='word_1_29' title='bbox 1284 757 1370 820; x_wconf 88' lang='lat' dir='ltr'><strong>nullo</strong></span> 
     </span>
     <span class='ocr_line' id='line_1_5' title="bbox 201 861 1017 946; baseline -0.001 -19"><span class='ocrx_word' id='word_1_30' title='bbox 201 862 324 927; x_wconf 84' lang='lat' dir='ltr'><strong>vinculo</strong></span> <span class='ocrx_word' id='word_1_31' title='bbox 347 861 587 927; x_wconf 81' lang='lat' dir='ltr'><strong>cohaerentibus</strong></span> <span class='ocrx_word' id='word_1_32' title='bbox 610 862 769 926; x_wconf 87' lang='lat' dir='ltr'><strong>vocabulis</strong></span> <span class='ocrx_word' id='word_1_33' title='bbox 792 863 1017 946; x_wconf 86' lang='lat' dir='ltr'><strong>tribuuntur.²)</strong></span> 
     </span>
    </p>
   </div>
   <div class='ocr_carea' id='block_1_3' title="bbox 470 1091 1100 1178">
    <p class='ocr_par' dir='ltr' id='par_1_3' title="bbox 470 1091 1100 1178">
     <span class='ocr_line' id='line_1_6' title="bbox 470 1091 1100 1178; baseline -0.005 -18"><span class='ocrx_word' id='word_1_34' title='bbox 470 1092 535 1160; x_wconf 94' lang='lat' dir='ltr'><strong>III.</strong></span> <span class='ocrx_word' id='word_1_35' title='bbox 564 1091 615 1158; x_wconf 90' lang='lat' dir='ltr'><strong>De</strong></span> <span class='ocrx_word' id='word_1_36' title='bbox 639 1091 835 1159; x_wconf 88' lang='lat' dir='ltr'><strong>tribrachis</strong></span> <span class='ocrx_word' id='word_1_37' title='bbox 858 1091 963 1159; x_wconf 89' lang='lat' dir='ltr'><strong>tertii</strong></span> <span class='ocrx_word' id='word_1_38' title='bbox 987 1091 1100 1178; x_wconf 89' lang='lat' dir='ltr'><strong>pedis.</strong></span> 
     </span>
    </p>
   </div>
   <div class='ocr_carea' id='block_1_4' title="bbox 199 1253 1370 2406">
    <p class='ocr_par' dir='ltr' id='par_1_4' title="bbox 199 1253 1370 2406">
     <span class='ocr_line' id='line_1_7' title="bbox 289 1253 1368 1338; baseline -0.001 -19"><span class='ocrx_word' id='word_1_39' title='bbox 289 1254 325 1320; x_wconf 90' lang='lat' dir='ltr'><strong>ln</strong></span> <span class='ocrx_word' id='word_1_40' title='bbox 352 1256 410 1319; x_wconf 88' lang='lat' dir='ltr'><strong>hoc</strong></span> <span class='ocrx_word' id='word_1_41' title='bbox 433 1277 558 1338; x_wconf 90' lang='lat' dir='ltr'><strong>quoque</strong></span> <span class='ocrx_word' id='word_1_42' title='bbox 582 1255 659 1335; x_wconf 90' lang='lat' dir='ltr'><strong>pede</strong></span> <span class='ocrx_word' id='word_1_43' title='bbox 683 1253 766 1316; x_wconf 88' lang='lat' dir='ltr'><strong>haud</strong></span> <span class='ocrx_word' id='word_1_44' title='bbox 791 1275 907 1337; x_wconf 87' lang='lat' dir='ltr'><strong>magno</strong></span> <span class='ocrx_word' id='word_1_45' title='bbox 930 1253 1037 1317; x_wconf 88' lang='lat' dir='ltr'><strong>labore</strong></span> <span class='ocrx_word' id='word_1_46' title='bbox 1061 1275 1138 1335; x_wconf 92' lang='lat' dir='ltr'><strong>opus</strong></span> <span class='ocrx_word' id='word_1_47' title='bbox 1161 1254 1229 1332; x_wconf 89' lang='lat' dir='ltr'><strong>erit,</strong></span> <span class='ocrx_word' id='word_1_48' title='bbox 1258 1255 1368 1337; x_wconf 89' lang='lat' dir='ltr'><strong>pedum</strong></span> 
     </span>
     <span class='ocr_line' id='line_1_8' title="bbox 200 1360 1370 1446; baseline -0.002 -20"><span class='ocrx_word' id='word_1_49' title='bbox 200 1368 270 1446; x_wconf 93' lang='lat' dir='ltr'><strong>post</strong></span> <span class='ocrx_word' id='word_1_50' title='bbox 293 1363 427 1446; x_wconf 83' lang='lat' dir='ltr'><strong>priorem</strong></span> <span class='ocrx_word' id='word_1_51' title='bbox 451 1363 527 1425; x_wconf 90' lang='lat' dir='ltr'><strong>arsis</strong></span> <span class='ocrx_word' id='word_1_52' title='bbox 550 1361 671 1424; x_wconf 90' lang='lat' dir='ltr'><strong>solutae</strong></span> <span class='ocrx_word' id='word_1_53' title='bbox 697 1361 866 1425; x_wconf 90' lang='lat' dir='ltr'><strong>incisorum</strong></span> <span class='ocrx_word' id='word_1_54' title='bbox 890 1360 1026 1442; x_wconf 90' lang='lat' dir='ltr'><strong>reperire</strong></span> <span class='ocrx_word' id='word_1_55' title='bbox 1051 1361 1274 1425; x_wconf 88' lang='lat' dir='ltr'><strong>excusationes.</strong></span> <span class='ocrx_word' id='word_1_56' title='bbox 1320 1361 1370 1425; x_wconf 88' lang='lat' dir='ltr'><strong>Ad</strong></span> 
     </span>
     <span class='ocr_line' id='line_1_9' title="bbox 202 1467 1370 1533; baseline -0.001 -1"><span class='ocrx_word' id='word_1_57' title='bbox 202 1470 312 1533; x_wconf 90' lang='lat' dir='ltr'><strong>horum</strong></span> <span class='ocrx_word' id='word_1_58' title='bbox 336 1474 440 1533; x_wconf 89' lang='lat' dir='ltr'><strong>autem</strong></span> <span class='ocrx_word' id='word_1_59' title='bbox 465 1467 696 1532; x_wconf 89' lang='lat' dir='ltr'><strong>tribrachorum</strong></span> <span class='ocrx_word' id='word_1_60' title='bbox 716 1467 886 1532; x_wconf 79' lang='lat' dir='ltr'><strong>solutiones</strong></span> <span class='ocrx_word' id='word_1_61' title='bbox 910 1472 1023 1532; x_wconf 87' lang='lat' dir='ltr'><strong>natura</strong></span> <span class='ocrx_word' id='word_1_62' title='bbox 1047 1467 1109 1531; x_wconf 88' lang='lat' dir='ltr'><strong>fert</strong></span> <span class='ocrx_word' id='word_1_63' title='bbox 1133 1473 1253 1531; x_wconf 88' lang='lat' dir='ltr'><strong>utnon</strong></span> <span class='ocrx_word' id='word_1_64' title='bbox 1277 1469 1370 1532; x_wconf 89' lang='lat' dir='ltr'><strong>mini-</strong></span> 
     </span>
     <span class='ocr_line' id='line_1_10' title="bbox 202 1574 1370 1659; baseline -0.001 -19"><span class='ocrx_word' id='word_1_65' title='bbox 202 1599 287 1641; x_wconf 91' lang='lat' dir='ltr'><strong>mum</strong></span> <span class='ocrx_word' id='word_1_66' title='bbox 303 1576 471 1640; x_wconf 89' lang='lat' dir='ltr'><strong>contulerit</strong></span> <span class='ocrx_word' id='word_1_67' title='bbox 486 1597 614 1639; x_wconf 87' lang='lat' dir='ltr'><strong>caesura</strong></span> <span class='ocrx_word' id='word_1_68' title='bbox 629 1575 862 1659; x_wconf 75' lang='lat' dir='ltr'><strong>semiquinaria,</strong></span> <span class='ocrx_word' id='word_1_69' title='bbox 877 1597 957 1658; x_wconf 89' lang='lat' dir='ltr'><strong>quae</strong></span> <span class='ocrx_word' id='word_1_70' title='bbox 973 1574 1024 1638; x_wconf 92' lang='lat' dir='ltr'><strong>hic</strong></span> <span class='ocrx_word' id='word_1_71' title='bbox 1041 1574 1143 1639; x_wconf 90' lang='lat' dir='ltr'><strong>locum</strong></span> <span class='ocrx_word' id='word_1_72' title='bbox 1159 1597 1249 1638; x_wconf 87' lang='lat' dir='ltr'><strong>suum</strong></span> <span class='ocrx_word' id='word_1_73' title='bbox 1266 1575 1370 1639; x_wconf 87' lang='lat' dir='ltr'><strong>habet.</strong></span> 
     </span>
     <span class='ocr_line' id='line_1_11' title="bbox 200 1681 1370 1768; baseline 0 -21"><span class='ocrx_word' id='word_1_74' title='bbox 200 1681 249 1747; x_wconf 87' lang='lat' dir='ltr'><strong>Ac</strong></span> <span class='ocrx_word' id='word_1_75' title='bbox 281 1683 418 1765; x_wconf 92' lang='lat' dir='ltr'><strong>primum</strong></span> <span class='ocrx_word' id='word_1_76' title='bbox 450 1683 577 1765; x_wconf 90' lang='lat' dir='ltr'><strong>quidem</strong></span> <span class='ocrx_word' id='word_1_77' title='bbox 609 1682 787 1765; x_wconf 80' lang='lat' dir='ltr'><strong>saepissime</strong></span> <span class='ocrx_word' id='word_1_78' title='bbox 822 1682 1051 1746; x_wconf 88' lang='lat' dir='ltr'><strong>tribrachorum</strong></span> <span class='ocrx_word' id='word_1_79' title='bbox 1085 1682 1217 1747; x_wconf 88' lang='lat' dir='ltr'><strong>alterum</strong></span> <span class='ocrx_word' id='word_1_80' title='bbox 1249 1688 1370 1768; x_wconf 90' lang='lat' dir='ltr'><strong>tempus</strong></span> 
     </span>
     <span class='ocr_line' id='line_1_12' title="bbox 200 1789 1370 1874; baseline 0 -20"><span class='ocrx_word' id='word_1_81' title='bbox 200 1790 387 1873; x_wconf 85' lang='lat' dir='ltr'><strong>exprimitur</strong></span> <span class='ocrx_word' id='word_1_82' title='bbox 418 1789 561 1869; x_wconf 88' lang='lat' dir='ltr'><strong>articulo,</strong></span> <span class='ocrx_word' id='word_1_83' title='bbox 593 1810 687 1872; x_wconf 90' lang='lat' dir='ltr'><strong>quem</strong></span> <span class='ocrx_word' id='word_1_84' title='bbox 717 1812 788 1854; x_wconf 91' lang='lat' dir='ltr'><strong>cum</strong></span> <span class='ocrx_word' id='word_1_85' title='bbox 819 1794 968 1873; x_wconf 90' lang='lat' dir='ltr'><strong>sequente</strong></span> <span class='ocrx_word' id='word_1_86' title='bbox 999 1791 1125 1854; x_wconf 88' lang='lat' dir='ltr'><strong>nomine</strong></span> <span class='ocrx_word' id='word_1_87' title='bbox 1158 1791 1246 1874; x_wconf 88' lang='lat' dir='ltr'><strong>quasi</strong></span> <span class='ocrx_word' id='word_1_88' title='bbox 1276 1813 1370 1854; x_wconf 90' lang='lat' dir='ltr'><strong>unam</strong></span> 
     </span>
     <span class='ocr_line' id='line_1_13' title="bbox 201 1895 1369 1979; baseline -0.002 -19"><span class='ocrx_word' id='word_1_89' title='bbox 201 1897 303 1961; x_wconf 87' lang='lat' dir='ltr'><strong>facere</strong></span> <span class='ocrx_word' id='word_1_90' title='bbox 322 1918 428 1960; x_wconf 84' lang='lat' dir='ltr'><strong>vocem</strong></span> <span class='ocrx_word' id='word_1_91' title='bbox 452 1899 592 1972; x_wconf 88' lang='lat' dir='ltr'><strong>nonest,</strong></span> <span class='ocrx_word' id='word_1_92' title='bbox 616 1895 699 1979; x_wconf 91' lang='lat' dir='ltr'><strong>quod</strong></span> <span class='ocrx_word' id='word_1_93' title='bbox 722 1896 836 1960; x_wconf 89' lang='lat' dir='ltr'><strong>iterum</strong></span> <span class='ocrx_word' id='word_1_94' title='bbox 861 1918 1018 1960; x_wconf 91' lang='lat' dir='ltr'><strong>moneam:</strong></span> <span class='ocrx_word' id='word_1_95' title='bbox 1043 1895 1123 1960; x_wconf 88' lang='lat' dir='ltr'><strong>Ach.</strong></span> <span class='ocrx_word' id='word_1_96' title='bbox 1142 1896 1205 1959; x_wconf 87' lang='grc'><strong>134</strong></span> <span class='ocrx_word' id='word_1_97' title='bbox 1228 1897 1369 1977; x_wconf 80' lang='grc' dir='ltr'><em>προσίτω</em></span> 
     </span>
     <span class='ocr_line' id='line_1_14' title="bbox 205 2001 1370 2084; baseline 0 -18"><span class='ocrx_word' id='word_1_98' title='bbox 205 2002 338 2084; x_wconf 83' lang='grc' dir='ltr'><em>Θέωρος</em></span> <span class='ocrx_word' id='word_1_99' title='bbox 362 2004 380 2065; x_wconf 85' lang='grc' dir='ltr'>ὁ</span> <span class='ocrx_word' id='word_1_100' title='bbox 403 2001 491 2083; x_wconf 86' lang='grc' dir='ltr'><em>παρὰ</em></span> <span class='ocrx_word' id='word_1_101' title='bbox 515 2002 704 2079; x_wconf 80' lang='grc' dir='ltr'><strong><em>Σιτάλκους,</em></strong></span> <span class='ocrx_word' id='word_1_102' title='bbox 739 2002 800 2066; x_wconf 87' lang='grc'><strong>156</strong></span> <span class='ocrx_word' id='word_1_103' title='bbox 824 2003 908 2065; x_wconf 81' lang='grc' dir='ltr'><strong><em>τουτὶ</em></strong></span> <span class='ocrx_word' id='word_1_104' title='bbox 935 2004 964 2064; x_wconf 84' lang='grc' dir='ltr'><strong>τί</strong></span> <span class='ocrx_word' id='word_1_105' title='bbox 988 2003 1050 2066; x_wconf 84' lang='grc' dir='ltr'><strong><em>ἐστι</em></strong></span> <span class='ocrx_word' id='word_1_106' title='bbox 1077 2001 1112 2064; x_wconf 83' lang='grc' dir='ltr'><strong>τὸ</strong></span> <span class='ocrx_word' id='word_1_107' title='bbox 1140 2002 1252 2076; x_wconf 85' lang='grc' dir='ltr'>κακόν,</span> <span class='ocrx_word' id='word_1_108' title='bbox 1288 2004 1370 2066; x_wconf 92' lang='grc'>1054</span> 
     </span>
     <span class='ocr_line' id='line_1_15' title="bbox 200 2107 1370 2193; baseline 0.001 -21"><span class='ocrx_word' id='word_1_109' title='bbox 200 2111 345 2193; x_wconf 78' lang='grc' dir='ltr'><em>ἀπόφερε</em></span> <span class='ocrx_word' id='word_1_110' title='bbox 368 2110 404 2172; x_wconf 84' lang='grc' dir='ltr'><strong>τὰ</strong></span> <span class='ocrx_word' id='word_1_111' title='bbox 429 2111 523 2191; x_wconf 87' lang='grc' dir='ltr'>κρέα;</span> <span class='ocrx_word' id='word_1_112' title='bbox 550 2111 568 2171; x_wconf 89' lang='grc'>5</span> <span class='ocrx_word' id='word_1_113' title='bbox 594 2107 690 2190; x_wconf 77' lang='grc' dir='ltr'><strong>ἐγῷδ’</strong></span> <span class='ocrx_word' id='word_1_114' title='bbox 708 2107 759 2191; x_wconf 81' lang='grc' dir='ltr'><strong>ἐφ’</strong></span> <span class='ocrx_word' id='word_1_115' title='bbox 776 2107 806 2191; x_wconf 78' lang='grc' dir='ltr'><em>ᾦ</em></span> <span class='ocrx_word' id='word_1_116' title='bbox 822 2134 856 2191; x_wconf 86' lang='grc' dir='ltr'><strong>γε</strong></span> <span class='ocrx_word' id='word_1_117' title='bbox 871 2109 906 2173; x_wconf 86' lang='grc' dir='ltr'><strong>τὸ</strong></span> <span class='ocrx_word' id='word_1_118' title='bbox 930 2112 1027 2193; x_wconf 84' lang='grc' dir='ltr'><strong><em>κέαρ;</em></strong></span> <span class='ocrx_word' id='word_1_119' title='bbox 1052 2112 1115 2174; x_wconf 91' lang='grc'><strong>596</strong></span> <span class='ocrx_word' id='word_1_120' title='bbox 1140 2111 1206 2173; x_wconf 78' lang='grc' dir='ltr'><strong>ἀλλ’</strong></span> <span class='ocrx_word' id='word_1_121' title='bbox 1223 2113 1257 2184; x_wconf 84' lang='grc' dir='ltr'><strong>ἒξ</strong></span> <span class='ocrx_word' id='word_1_122' title='bbox 1279 2112 1370 2174; x_wconf 84' lang='grc' dir='ltr'><em>ὅτου-</em></span> 
     </span>
     <span class='ocr_line' id='line_1_16' title="bbox 199 2215 1370 2300; baseline 0.002 -20"><span class='ocrx_word' id='word_1_123' title='bbox 199 2242 259 2299; x_wconf 84' lang='grc' dir='ltr'><strong>περ</strong></span> <span class='ocrx_word' id='word_1_124' title='bbox 276 2219 295 2280; x_wconf 86' lang='grc' dir='ltr'>ὁ</span> <span class='ocrx_word' id='word_1_125' title='bbox 310 2218 466 2298; x_wconf 77' lang='grc' dir='ltr'><em>πόλεμοςς</em></span> <span class='ocrx_word' id='word_1_126' title='bbox 491 2215 576 2280; x_wconf 91' lang='lat' dir='ltr'><strong>Nub.</strong></span> <span class='ocrx_word' id='word_1_127' title='bbox 595 2217 669 2294; x_wconf 89' lang='grc'>657,</span> <span class='ocrx_word' id='word_1_128' title='bbox 689 2216 788 2291; x_wconf 87' lang='grc'>1199;</span> <span class='ocrx_word' id='word_1_129' title='bbox 814 2217 893 2300; x_wconf 80' lang='lat' dir='ltr'><strong>Equ.</strong></span> <span class='ocrx_word' id='word_1_130' title='bbox 912 2219 991 2294; x_wconf 80' lang='lat'>2033</span> <span class='ocrx_word' id='word_1_131' title='bbox 1017 2216 1110 2299; x_wconf 88' lang='lat' dir='ltr'><strong>Vesp.</strong></span> <span class='ocrx_word' id='word_1_132' title='bbox 1129 2220 1180 2295; x_wconf 89' lang='grc'><strong>74,</strong></span> <span class='ocrx_word' id='word_1_133' title='bbox 1199 2220 1274 2296; x_wconf 87' lang='grc'>223,</span> <span class='ocrx_word' id='word_1_134' title='bbox 1292 2219 1370 2295; x_wconf 90' lang='grc'>799;</span> 
     </span>
     <span class='ocr_line' id='line_1_17' title="bbox 201 2322 1369 2406; baseline -0.001 -18"><span class='ocrx_word' id='word_1_135' title='bbox 201 2324 274 2388; x_wconf 91' lang='lat' dir='ltr'><strong>Pac.</strong></span> <span class='ocrx_word' id='word_1_136' title='bbox 294 2324 367 2401; x_wconf 91' lang='grc'>181,</span> <span class='ocrx_word' id='word_1_137' title='bbox 386 2323 458 2398; x_wconf 92' lang='grc'>192,</span> <span class='ocrx_word' id='word_1_138' title='bbox 477 2324 555 2400; x_wconf 87' lang='grc'>700;</span> <span class='ocrx_word' id='word_1_139' title='bbox 581 2324 641 2385; x_wconf 82' lang='lat' dir='ltr'><strong>Ar.</strong></span> <span class='ocrx_word' id='word_1_140' title='bbox 660 2323 734 2401; x_wconf 92' lang='grc'>168,</span> <span class='ocrx_word' id='word_1_141' title='bbox 753 2324 852 2395; x_wconf 88' lang='grc'>1007;</span> <span class='ocrx_word' id='word_1_142' title='bbox 877 2322 949 2406; x_wconf 90' lang='lat' dir='ltr'><strong>Lys.</strong></span> <span class='ocrx_word' id='word_1_143' title='bbox 967 2324 1024 2401; x_wconf 76' lang='lat'><strong>883</strong></span> <span class='ocrx_word' id='word_1_144' title='bbox 1049 2323 1175 2386; x_wconf 86' lang='lat' dir='ltr'><strong>Thesm.</strong></span> <span class='ocrx_word' id='word_1_145' title='bbox 1194 2326 1269 2400; x_wconf 85' lang='lat'>517,</span> <span class='ocrx_word' id='word_1_146' title='bbox 1291 2325 1369 2399; x_wconf 81' lang='lat'><strong>9233</strong></span> 
     </span>
    </p>
   </div>
   <div class='ocr_carea' id='block_1_5' title="bbox 200 2428 1371 2508">
    <p class='ocr_par' dir='ltr' id='par_1_5' title="bbox 200 2428 1371 2508">
     <span class='ocr_line' id='line_1_18' title="bbox 200 2428 1371 2508; baseline -0.001 -13"><span class='ocrx_word' id='word_1_147' title='bbox 200 2431 280 2495; x_wconf 88' lang='lat' dir='ltr'><strong>Rau.</strong></span> <span class='ocrx_word' id='word_1_148' title='bbox 298 2432 355 2506; x_wconf 87' lang='lat'><strong>32;</strong></span> <span class='ocrx_word' id='word_1_149' title='bbox 387 2429 470 2493; x_wconf 87' lang='lat' dir='ltr'><strong>Plut.</strong></span> <span class='ocrx_word' id='word_1_150' title='bbox 487 2430 541 2508; x_wconf 91' lang='grc'><strong>40,</strong></span> <span class='ocrx_word' id='word_1_151' title='bbox 562 2432 614 2507; x_wconf 95' lang='grc'><strong>47,</strong></span> <span class='ocrx_word' id='word_1_152' title='bbox 640 2431 715 2506; x_wconf 90' lang='grc'>452,</span> <span class='ocrx_word' id='word_1_153' title='bbox 739 2430 814 2507; x_wconf 88' lang='grc'>484,</span> <span class='ocrx_word' id='word_1_154' title='bbox 840 2430 915 2493; x_wconf 89' lang='grc'>821.</span> <span class='ocrx_word' id='word_1_155' title='bbox 961 2430 1103 2494; x_wconf 82' lang='lat' dir='ltr'><strong>Eandem</strong></span> <span class='ocrx_word' id='word_1_156' title='bbox 1129 2428 1279 2493; x_wconf 90' lang='lat' dir='ltr'><strong>habemus</strong></span> <span class='ocrx_word' id='word_1_157' title='bbox 1303 2453 1371 2494; x_wconf 88' lang='lat' dir='ltr'><strong>are·</strong></span> 
     </span>
    </p>
   </div>
   <div class='ocr_carea' id='block_1_6' title="bbox 200 2534 1372 2940">
    <p class='ocr_par' dir='ltr' id='par_1_6' title="bbox 200 2534 1372 2940">
     <span class='ocr_line' id='line_1_19' title="bbox 200 2534 1370 2619; baseline -0.002 -17"><span class='ocrx_word' id='word_1_158' title='bbox 200 2543 265 2602; x_wconf 91' lang='lat' dir='ltr'><strong>tam</strong></span> <span class='ocrx_word' id='word_1_159' title='bbox 290 2536 540 2619; x_wconf 85' lang='lat' dir='ltr'><strong>conjunctionem</strong></span> <span class='ocrx_word' id='word_1_160' title='bbox 565 2558 634 2599; x_wconf 92' lang='lat' dir='ltr'><strong>cum</strong></span> <span class='ocrx_word' id='word_1_161' title='bbox 660 2534 792 2599; x_wconf 91' lang='lat' dir='ltr'><strong>alterum</strong></span> <span class='ocrx_word' id='word_1_162' title='bbox 816 2536 967 2600; x_wconf 82' lang='lat' dir='ltr'><strong>tribrachi</strong></span> <span class='ocrx_word' id='word_1_163' title='bbox 992 2541 1114 2618; x_wconf 90' lang='lat' dir='ltr'><strong>tempus</strong></span> <span class='ocrx_word' id='word_1_164' title='bbox 1135 2540 1258 2600; x_wconf 87' lang='lat' dir='ltr'><strong>constat</strong></span> <span class='ocrx_word' id='word_1_165' title='bbox 1280 2559 1370 2619; x_wconf 89' lang='lat' dir='ltr'><strong>prae·</strong></span> 
     </span>
     <span class='ocr_line' id='line_1_20' title="bbox 200 2642 1372 2729; baseline 0 -21"><span class='ocrx_word' id='word_1_166' title='bbox 200 2646 353 2729; x_wconf 90' lang='lat' dir='ltr'><strong>positione</strong></span> <span class='ocrx_word' id='word_1_167' title='bbox 381 2643 431 2707; x_wconf 88' lang='lat' dir='ltr'><strong>vel</strong></span> <span class='ocrx_word' id='word_1_168' title='bbox 461 2644 683 2726; x_wconf 87' lang='lat' dir='ltr'><strong>conjunctione</strong></span> <span class='ocrx_word' id='word_1_169' title='bbox 714 2642 764 2706; x_wconf 91' lang='lat' dir='ltr'><strong>vel</strong></span> <span class='ocrx_word' id='word_1_170' title='bbox 794 2645 979 2725; x_wconf 87' lang='lat' dir='ltr'><strong>pronomine</strong></span> <span class='ocrx_word' id='word_1_171' title='bbox 1010 2644 1088 2726; x_wconf 87' lang='lat' dir='ltr'><strong>(sive</strong></span> <span class='ocrx_word' id='word_1_172' title='bbox 1118 2653 1215 2707; x_wconf 92' lang='lat' dir='ltr'><strong>natua</strong></span> <span class='ocrx_word' id='word_1_173' title='bbox 1242 2665 1298 2707; x_wconf 90' lang='lat' dir='ltr'><strong>sua</strong></span> <span class='ocrx_word' id='word_1_174' title='bbox 1327 2648 1372 2708; x_wconf 89' lang='lat' dir='ltr'><strong>est</strong></span> 
     </span>
     <span class='ocr_line' id='line_1_21' title="bbox 200 2748 1371 2836; baseline -0.002 -20"><span class='ocrx_word' id='word_1_175' title='bbox 200 2750 416 2836; x_wconf 88' lang='lat' dir='ltr'><strong>monosyllaba</strong></span> <span class='ocrx_word' id='word_1_176' title='bbox 444 2750 508 2814; x_wconf 84' lang='lat' dir='ltr'><strong>sive</strong></span> <span class='ocrx_word' id='word_1_177' title='bbox 536 2748 691 2832; x_wconf 88' lang='lat' dir='ltr'><strong>bisyllaba</strong></span> <span class='ocrx_word' id='word_1_178' title='bbox 718 2771 779 2813; x_wconf 84' lang='lat' dir='ltr'><strong>vox</strong></span> <span class='ocrx_word' id='word_1_179' title='bbox 806 2750 934 2814; x_wconf 90' lang='lat' dir='ltr'><strong>elisione</strong></span> <span class='ocrx_word' id='word_1_180' title='bbox 956 2751 995 2814; x_wconf 92' lang='lat' dir='ltr'><strong>ad</strong></span> <span class='ocrx_word' id='word_1_181' title='bbox 1025 2750 1256 2835; x_wconf 84' lang='lat' dir='ltr'><strong>monosyllabae</strong></span> <span class='ocrx_word' id='word_1_182' title='bbox 1283 2773 1371 2814; x_wconf 89' lang='lat' dir='ltr'><strong>men·</strong></span> 
     </span>
     <span class='ocr_line' id='line_1_22' title="bbox 200 2855 1370 2940; baseline -0.001 -17"><span class='ocrx_word' id='word_1_183' title='bbox 200 2881 304 2924; x_wconf 88' lang='lat' dir='ltr'><strong>suram</strong></span> <span class='ocrx_word' id='word_1_184' title='bbox 327 2857 454 2920; x_wconf 87' lang='lat' dir='ltr'><strong>redacta</strong></span> <span class='ocrx_word' id='word_1_185' title='bbox 478 2855 587 2939; x_wconf 72' lang='lat' dir='ltr'><strong>est):²)</strong></span> <span class='ocrx_word' id='word_1_186' title='bbox 611 2856 690 2939; x_wconf 85' lang='lat' dir='ltr'><strong>Equ.</strong></span> <span class='ocrx_word' id='word_1_187' title='bbox 710 2880 739 2920; x_wconf 87' lang='lat' dir='ltr'><strong>v.</strong></span> <span class='ocrx_word' id='word_1_188' title='bbox 759 2857 842 2921; x_wconf 88' lang='grc'>1226</span> <span class='ocrx_word' id='word_1_189' title='bbox 868 2857 931 2938; x_wconf 80' lang='grc' dir='ltr'><strong>ἐγὼ</strong></span> <span class='ocrx_word' id='word_1_190' title='bbox 957 2855 985 2919; x_wconf 81' lang='grc' dir='ltr'><strong>δ’</strong></span> <span class='ocrx_word' id='word_1_191' title='bbox 1003 2857 1148 2921; x_wconf 74' lang='lat' dir='ltr'><strong>tirtamus</strong></span> <span class='ocrx_word' id='word_1_192' title='bbox 1171 2856 1220 2920; x_wconf 81' lang='grc' dir='ltr'><strong>ἐπ’</strong></span> <span class='ocrx_word' id='word_1_193' title='bbox 1238 2859 1370 2940; x_wconf 76' lang='grc' dir='ltr'>ἀγαοᾠ;</span> 
     </span>
    </p>
   </div>
   <div class='ocr_carea' id='block_1_7' title="bbox 200 3051 1373 4354">
    <p class='ocr_par' dir='ltr' id='par_1_7' title="bbox 200 3051 1373 3924">
     <span class='ocr_line' id='line_1_23' title="bbox 290 3051 1369 3122; baseline -0.001 -15"><span class='ocrx_word' id='word_1_194' title='bbox 290 3052 311 3120; x_wconf 88' lang='lat'><strong>¹)</strong></span> <span class='ocrx_word' id='word_1_195' title='bbox 332 3053 420 3118; x_wconf 84' lang='lat' dir='ltr'><strong>Quam</strong></span> <span class='ocrx_word' id='word_1_196' title='bbox 444 3052 505 3122; x_wconf 88' lang='lat' dir='ltr'><strong>ipse</strong></span> <span class='ocrx_word' id='word_1_197' title='bbox 530 3051 618 3107; x_wconf 87' lang='lat' dir='ltr'><strong>statui</strong></span> <span class='ocrx_word' id='word_1_198' title='bbox 642 3053 768 3121; x_wconf 82' lang='lat' dir='ltr'><strong>regulam</strong></span> <span class='ocrx_word' id='word_1_199' title='bbox 795 3055 824 3106; x_wconf 90' lang='lat' dir='ltr'><strong>et</strong></span> <span class='ocrx_word' id='word_1_200' title='bbox 843 3052 1022 3121; x_wconf 86' lang='lat' dir='ltr'><strong>comprobare</strong></span> <span class='ocrx_word' id='word_1_201' title='bbox 1047 3053 1154 3118; x_wconf 89' lang='lat' dir='ltr'><strong>studeo,</strong></span> <span class='ocrx_word' id='word_1_202' title='bbox 1179 3070 1215 3107; x_wconf 90' lang='lat' dir='ltr'><strong>ne</strong></span> <span class='ocrx_word' id='word_1_203' title='bbox 1240 3071 1369 3120; x_wconf 89' lang='lat' dir='ltr'><strong>umquam</strong></span> 
     </span>
     <span class='ocr_line' id='line_1_24' title="bbox 201 3140 1371 3213; baseline -0.001 -15"><span class='ocrx_word' id='word_1_204' title='bbox 201 3145 285 3213; x_wconf 86' lang='lat' dir='ltr'><strong>plane</strong></span> <span class='ocrx_word' id='word_1_205' title='bbox 298 3143 486 3198; x_wconf 87' lang='lat' dir='ltr'><strong>dilacerentur</strong></span> <span class='ocrx_word' id='word_1_206' title='bbox 502 3140 628 3210; x_wconf 86' lang='lat' dir='ltr'><strong>syllabae</strong></span> <span class='ocrx_word' id='word_1_207' title='bbox 648 3144 750 3196; x_wconf 86' lang='lat' dir='ltr'><strong>natura</strong></span> <span class='ocrx_word' id='word_1_208' title='bbox 763 3141 951 3207; x_wconf 85' lang='lat' dir='ltr'><strong>cohaerentes,</strong></span> <span class='ocrx_word' id='word_1_209' title='bbox 971 3159 1033 3197; x_wconf 91' lang='lat' dir='ltr'><strong>eam</strong></span> <span class='ocrx_word' id='word_1_210' title='bbox 1046 3160 1129 3212; x_wconf 90' lang='lat' dir='ltr'><strong>quam</strong></span> <span class='ocrx_word' id='word_1_211' title='bbox 1148 3159 1204 3196; x_wconf 91' lang='lat' dir='ltr'><strong>non</strong></span> <span class='ocrx_word' id='word_1_212' title='bbox 1220 3143 1371 3211; x_wconf 90' lang='lat' dir='ltr'><strong>perspiciat</strong></span> 
     </span>
     <span class='ocr_line' id='line_1_25' title="bbox 200 3230 1369 3299; baseline -0.002 -11"><span class='ocrx_word' id='word_1_213' title='bbox 200 3234 286 3288; x_wconf 87' lang='lat' dir='ltr'><strong>etiam</strong></span> <span class='ocrx_word' id='word_1_214' title='bbox 307 3231 367 3286; x_wconf 88' lang='lat' dir='ltr'><strong>Car.</strong></span> <span class='ocrx_word' id='word_1_215' title='bbox 380 3231 531 3285; x_wconf 88' lang='lat' dir='ltr'><strong>Muellerus</strong></span> <span class='ocrx_word' id='word_1_216' title='bbox 550 3231 579 3284; x_wconf 92' lang='lat' dir='ltr'><strong>in</strong></span> <span class='ocrx_word' id='word_1_217' title='bbox 598 3230 671 3285; x_wconf 89' lang='lat' dir='ltr'><strong>libro</strong></span> <span class='ocrx_word' id='word_1_218' title='bbox 690 3232 723 3285; x_wconf 91' lang='lat' dir='ltr'><strong>de</strong></span> <span class='ocrx_word' id='word_1_219' title='bbox 743 3230 860 3299; x_wconf 88' lang='lat' dir='ltr'><strong>pedibus</strong></span> <span class='ocrx_word' id='word_1_220' title='bbox 879 3230 978 3285; x_wconf 89' lang='lat' dir='ltr'><strong>solutis</strong></span> <span class='ocrx_word' id='word_1_221' title='bbox 997 3233 1168 3299; x_wconf 85' lang='lat' dir='ltr'><strong>tragicorum</strong></span> <span class='ocrx_word' id='word_1_222' title='bbox 1184 3231 1229 3285; x_wconf 84' lang='lat' dir='ltr'><strong>vel</strong></span> <span class='ocrx_word' id='word_1_223' title='bbox 1249 3232 1369 3286; x_wconf 86' lang='lat' dir='ltr'><strong>maxime</strong></span> 
     </span>
     <span class='ocr_line' id='line_1_26' title="bbox 200 3318 1369 3388; baseline -0.003 -13"><span class='ocrx_word' id='word_1_224' title='bbox 200 3324 339 3376; x_wconf 88' lang='lat' dir='ltr'><strong>monstrat</strong></span> <span class='ocrx_word' id='word_1_225' title='bbox 358 3338 422 3388; x_wconf 85' lang='lat' dir='ltr'><strong>pag.</strong></span> <span class='ocrx_word' id='word_1_226' title='bbox 437 3322 479 3387; x_wconf 77' lang='grc'>66,</span> <span class='ocrx_word' id='word_1_227' title='bbox 493 3318 536 3386; x_wconf 90' lang='lat' dir='ltr'><strong>(ll</strong></span> <span class='ocrx_word' id='word_1_228' title='bbox 550 3323 581 3375; x_wconf 89' lang='lat' dir='ltr'><strong>et</strong></span> <span class='ocrx_word' id='word_1_229' title='bbox 595 3318 646 3385; x_wconf 85' lang='lat'>12),</span> <span class='ocrx_word' id='word_1_230' title='bbox 666 3320 715 3374; x_wconf 92' lang='lat' dir='ltr'><strong>ubi</strong></span> <span class='ocrx_word' id='word_1_231' title='bbox 727 3319 768 3374; x_wconf 80' lang='lat' dir='ltr'><strong>ar.</strong></span> <span class='ocrx_word' id='word_1_232' title='bbox 782 3339 808 3374; x_wconf 88' lang='lat' dir='ltr'><strong>v.</strong></span> <span class='ocrx_word' id='word_1_233' title='bbox 819 3323 871 3374; x_wconf 80' lang='lat'><strong>324</strong></span> <span class='ocrx_word' id='word_1_234' title='bbox 886 3338 920 3375; x_wconf 86' lang='lat' dir='ltr'><strong>ex</strong></span> <span class='ocrx_word' id='word_1_235' title='bbox 935 3320 1068 3374; x_wconf 91' lang='lat' dir='ltr'><strong>librorum</strong></span> <span class='ocrx_word' id='word_1_236' title='bbox 1084 3320 1222 3388; x_wconf 86' lang='lat' dir='ltr'><strong>scriptura</strong></span> <span class='ocrx_word' id='word_1_237' title='bbox 1235 3320 1369 3372; x_wconf 72' lang='grc' dir='ltr'><em>οὐπώποτ’</em></span> 
     </span>
     <span class='ocr_line' id='line_1_27' title="bbox 200 3408 1370 3478; baseline 0.002 -16"><span class='ocrx_word' id='word_1_238' title='bbox 200 3410 232 3463; x_wconf 87' lang='grc' dir='ltr'><strong>οὐ</strong></span> <span class='ocrx_word' id='word_1_239' title='bbox 250 3411 317 3478; x_wconf 84' lang='grc' dir='ltr'><strong><em>χόας</em></strong></span> <span class='ocrx_word' id='word_1_240' title='bbox 336 3409 461 3464; x_wconf 88' lang='lat' dir='ltr'><strong>Piersoni</strong></span> <span class='ocrx_word' id='word_1_241' title='bbox 480 3409 599 3464; x_wconf 85' lang='lat' dir='ltr'><strong>audacia</strong></span> <span class='ocrx_word' id='word_1_242' title='bbox 617 3412 779 3478; x_wconf 88' lang='lat' dir='ltr'><strong>corruptum</strong></span> <span class='ocrx_word' id='word_1_243' title='bbox 804 3409 834 3463; x_wconf 90' lang='lat' dir='ltr'><strong>in</strong></span> <span class='ocrx_word' id='word_1_244' title='bbox 853 3408 994 3461; x_wconf 82' lang='grc' dir='ltr'><em>οὐπώποτε</em></span> <span class='ocrx_word' id='word_1_245' title='bbox 1012 3408 1078 3476; x_wconf 84' lang='grc' dir='ltr'><em>χοάς</em></span> <span class='ocrx_word' id='word_1_246' title='bbox 1101 3410 1181 3464; x_wconf 88' lang='lat' dir='ltr'><strong>nulla</strong></span> <span class='ocrx_word' id='word_1_247' title='bbox 1205 3427 1235 3463; x_wconf 92' lang='lat' dir='ltr'><strong>re</strong></span> <span class='ocrx_word' id='word_1_248' title='bbox 1261 3410 1370 3465; x_wconf 85' lang='lat' dir='ltr'><strong>differre</strong></span> 
     </span>
     <span class='ocr_line' id='line_1_28' title="bbox 201 3498 1373 3568; baseline -0.003 -14"><span class='ocrx_word' id='word_1_249' title='bbox 201 3500 347 3555; x_wconf 83' lang='lat' dir='ltr'><strong>contendit</strong></span> <span class='ocrx_word' id='word_1_250' title='bbox 366 3499 401 3552; x_wconf 83' lang='lat' dir='ltr'><strong>ab</strong></span> <span class='ocrx_word' id='word_1_251' title='bbox 413 3499 475 3553; x_wconf 88' lang='lat' dir='ltr'><strong>Jon.</strong></span> <span class='ocrx_word' id='word_1_252' title='bbox 489 3517 513 3552; x_wconf 85' lang='lat' dir='ltr'><strong>v.</strong></span> <span class='ocrx_word' id='word_1_253' title='bbox 527 3501 578 3552; x_wconf 88' lang='grc'>931</span> <span class='ocrx_word' id='word_1_254' title='bbox 597 3499 624 3549; x_wconf 82' lang='grc' dir='ltr'><strong>τί</strong></span> <span class='ocrx_word' id='word_1_255' title='bbox 641 3498 708 3565; x_wconf 70' lang='grc' dir='ltr'>φής,</span> <span class='ocrx_word' id='word_1_256' title='bbox 727 3498 783 3550; x_wconf 83' lang='grc' dir='ltr'><strong><em>τίνα</em></strong></span> <span class='ocrx_word' id='word_1_257' title='bbox 802 3498 880 3566; x_wconf 77' lang='grc' dir='ltr'><em>λόγον</em></span> <span class='ocrx_word' id='word_1_258' title='bbox 899 3501 928 3553; x_wconf 89' lang='lat' dir='ltr'><strong>et</strong></span> <span class='ocrx_word' id='word_1_259' title='bbox 940 3499 1001 3568; x_wconf 91' lang='lat' dir='ltr'><strong>Iqh.</strong></span> <span class='ocrx_word' id='word_1_260' title='bbox 1015 3500 1047 3554; x_wconf 80' lang='grc' dir='ltr'><strong>Α.</strong></span> <span class='ocrx_word' id='word_1_261' title='bbox 1064 3518 1090 3553; x_wconf 87' lang='lat' dir='ltr'><strong>v.</strong></span> <span class='ocrx_word' id='word_1_262' title='bbox 1104 3500 1185 3551; x_wconf 82' lang='grc' dir='ltr'><em>τίκτω</em></span> <span class='ocrx_word' id='word_1_263' title='bbox 1208 3500 1232 3552; x_wconf 82' lang='grc' dir='ltr'><strong>δ’</strong></span> <span class='ocrx_word' id='word_1_264' title='bbox 1245 3499 1288 3551; x_wconf 84' lang='grc' dir='ltr'><strong>ε’πὶ</strong></span> <span class='ocrx_word' id='word_1_265' title='bbox 1304 3499 1373 3568; x_wconf 82' lang='grc' dir='ltr'><strong><em>τρισί</em></strong></span> 
     </span>
     <span class='ocr_line' id='line_1_29' title="bbox 200 3585 1369 3659; baseline -0.003 -15"><span class='ocrx_word' id='word_1_266' title='bbox 200 3592 230 3644; x_wconf 88' lang='lat' dir='ltr'><strong>et</strong></span> <span class='ocrx_word' id='word_1_267' title='bbox 248 3587 332 3643; x_wconf 88' lang='lat' dir='ltr'><strong>Bach.</strong></span> <span class='ocrx_word' id='word_1_268' title='bbox 345 3589 397 3642; x_wconf 81' lang='lat'><strong>940</strong></span> <span class='ocrx_word' id='word_1_269' title='bbox 415 3588 478 3639; x_wconf 77' lang='grc' dir='ltr'><em>ὅταν</em></span> <span class='ocrx_word' id='word_1_270' title='bbox 496 3585 568 3654; x_wconf 84' lang='grc' dir='ltr'><em>παρὰ</em></span> <span class='ocrx_word' id='word_1_271' title='bbox 587 3587 673 3654; x_wconf 79' lang='grc' dir='ltr'><em>λόγον.</em></span> <span class='ocrx_word' id='word_1_272' title='bbox 712 3587 833 3652; x_wconf 80' lang='lat' dir='ltr'><strong>Quorum</strong></span> <span class='ocrx_word' id='word_1_273' title='bbox 854 3605 981 3642; x_wconf 87' lang='lat' dir='ltr'><strong>versuum</strong></span> <span class='ocrx_word' id='word_1_274' title='bbox 1005 3588 1141 3643; x_wconf 85' lang='lat' dir='ltr'><strong>tribrachi</strong></span> <span class='ocrx_word' id='word_1_275' title='bbox 1166 3607 1249 3659; x_wconf 91' lang='lat' dir='ltr'><strong>quam</strong></span> <span class='ocrx_word' id='word_1_276' title='bbox 1270 3588 1369 3645; x_wconf 89' lang='lat' dir='ltr'><strong>diversi</strong></span> 
     </span>
     <span class='ocr_line' id='line_1_30' title="bbox 201 3676 1371 3747; baseline 0 -17"><span class='ocrx_word' id='word_1_277' title='bbox 201 3678 258 3731; x_wconf 88' lang='lat' dir='ltr'><strong>sint</strong></span> <span class='ocrx_word' id='word_1_278' title='bbox 277 3678 312 3731; x_wconf 88' lang='lat' dir='ltr'><strong>ab</strong></span> <span class='ocrx_word' id='word_1_279' title='bbox 332 3677 382 3731; x_wconf 93' lang='lat' dir='ltr'><strong>illo</strong></span> <span class='ocrx_word' id='word_1_280' title='bbox 400 3676 543 3731; x_wconf 88' lang='lat' dir='ltr'><strong>Piersonio</strong></span> <span class='ocrx_word' id='word_1_281' title='bbox 561 3694 642 3731; x_wconf 90' lang='lat' dir='ltr'><strong>nemo</strong></span> <span class='ocrx_word' id='word_1_282' title='bbox 668 3677 758 3745; x_wconf 88' lang='lat' dir='ltr'><strong>primo</strong></span> <span class='ocrx_word' id='word_1_283' title='bbox 777 3681 809 3731; x_wconf 91' lang='lat' dir='ltr'><strong>ut</strong></span> <span class='ocrx_word' id='word_1_284' title='bbox 834 3677 876 3731; x_wconf 82' lang='lat' dir='ltr'><strong>its</strong></span> <span class='ocrx_word' id='word_1_285' title='bbox 895 3679 987 3732; x_wconf 90' lang='lat' dir='ltr'><strong>dicam</strong></span> <span class='ocrx_word' id='word_1_286' title='bbox 1006 3682 1122 3747; x_wconf 90' lang='lat' dir='ltr'><strong>aspectu</strong></span> <span class='ocrx_word' id='word_1_287' title='bbox 1147 3696 1203 3733; x_wconf 88' lang='lat' dir='ltr'><strong>non</strong></span> <span class='ocrx_word' id='word_1_288' title='bbox 1227 3678 1371 3747; x_wconf 83' lang='lat' dir='ltr'><strong>intellegit</strong></span> 
     </span>
     <span class='ocr_line' id='line_1_31' title="bbox 201 3766 1370 3834; baseline -0.001 -12"><span class='ocrx_word' id='word_1_289' title='bbox 201 3770 230 3822; x_wconf 91' lang='lat' dir='ltr'><strong>et</strong></span> <span class='ocrx_word' id='word_1_290' title='bbox 248 3766 399 3821; x_wconf 82' lang='lat' dir='ltr'><strong>Muellerus</strong></span> <span class='ocrx_word' id='word_1_291' title='bbox 418 3782 451 3821; x_wconf 92' lang='lat' dir='ltr'><strong>eo</strong></span> <span class='ocrx_word' id='word_1_292' title='bbox 476 3766 537 3834; x_wconf 92' lang='lat' dir='ltr'><strong>ipso</strong></span> <span class='ocrx_word' id='word_1_293' title='bbox 563 3766 623 3819; x_wconf 92' lang='lat' dir='ltr'><strong>loco</strong></span> <span class='ocrx_word' id='word_1_294' title='bbox 642 3766 766 3821; x_wconf 82' lang='lat' dir='ltr'><strong>ostendit</strong></span> <span class='ocrx_word' id='word_1_295' title='bbox 785 3783 813 3820; x_wconf 90' lang='lat' dir='ltr'><strong>se</strong></span> <span class='ocrx_word' id='word_1_296' title='bbox 832 3767 1003 3822; x_wconf 90' lang='lat' dir='ltr'><strong>solutionum</strong></span> <span class='ocrx_word' id='word_1_297' title='bbox 1028 3768 1167 3823; x_wconf 87' lang='lat' dir='ltr'><strong>rationem</strong></span> <span class='ocrx_word' id='word_1_298' title='bbox 1187 3771 1215 3823; x_wconf 90' lang='lat' dir='ltr'><strong>et</strong></span> <span class='ocrx_word' id='word_1_299' title='bbox 1240 3772 1370 3824; x_wconf 86' lang='lat' dir='ltr'><strong>naturam</strong></span> 
     </span>
     <span class='ocr_line' id='line_1_32' title="bbox 200 3855 584 3924; baseline -0.016 -13"><span class='ocrx_word' id='word_1_300' title='bbox 200 3873 257 3911; x_wconf 86' lang='lat' dir='ltr'><strong>non</strong></span> <span class='ocrx_word' id='word_1_301' title='bbox 274 3855 387 3924; x_wconf 90' lang='lat' dir='ltr'><strong>penitus</strong></span> <span class='ocrx_word' id='word_1_302' title='bbox 405 3855 584 3923; x_wconf 86' lang='lat' dir='ltr'><strong>perspexisse.</strong></span> 
     </span>
    </p>

    <p class='ocr_par' dir='ltr' id='par_1_8' title="bbox 201 3941 1371 4354">
     <span class='ocr_line' id='line_1_33' title="bbox 291 3941 1371 4012; baseline 0.001 -14"><span class='ocrx_word' id='word_1_303' title='bbox 291 3941 313 4010; x_wconf 85' lang='grc'><strong>2)</strong></span> <span class='ocrx_word' id='word_1_304' title='bbox 332 3945 412 3999; x_wconf 86' lang='lat' dir='ltr'><strong>Hanc</strong></span> <span class='ocrx_word' id='word_1_305' title='bbox 436 3943 631 4012; x_wconf 91' lang='lat' dir='ltr'><strong>pronominum</strong></span> <span class='ocrx_word' id='word_1_306' title='bbox 651 3945 835 4012; x_wconf 86' lang='lat' dir='ltr'><strong>quorumdam</strong></span> <span class='ocrx_word' id='word_1_307' title='bbox 859 3949 966 4000; x_wconf 86' lang='lat' dir='ltr'><strong>arctam</strong></span> <span class='ocrx_word' id='word_1_308' title='bbox 992 3963 1054 4000; x_wconf 86' lang='lat' dir='ltr'><strong>curn</strong></span> <span class='ocrx_word' id='word_1_309' title='bbox 1078 3946 1290 4012; x_wconf 80' lang='lat' dir='ltr'><strong>insequentibus</strong></span> <span class='ocrx_word' id='word_1_310' title='bbox 1309 3963 1371 4000; x_wconf 87' lang='lat' dir='ltr'><strong>eon·</strong></span> 
     </span>
     <span class='ocr_line' id='line_1_34' title="bbox 201 4031 1370 4104; baseline 0.003 -18"><span class='ocrx_word' id='word_1_311' title='bbox 201 4033 382 4087; x_wconf 88' lang='lat' dir='ltr'><strong>sociationem</strong></span> <span class='ocrx_word' id='word_1_312' title='bbox 407 4050 462 4087; x_wconf 91' lang='lat' dir='ltr'><strong>non</strong></span> <span class='ocrx_word' id='word_1_313' title='bbox 489 4035 564 4087; x_wconf 87' lang='lat' dir='ltr'><strong>reete</strong></span> <span class='ocrx_word' id='word_1_314' title='bbox 589 4031 755 4100; x_wconf 90' lang='lat' dir='ltr'><strong>intellegere</strong></span> <span class='ocrx_word' id='word_1_315' title='bbox 781 4033 892 4088; x_wconf 81' lang='lat' dir='ltr'><strong>videtur</strong></span> <span class='ocrx_word' id='word_1_316' title='bbox 910 4034 972 4089; x_wconf 84' lang='lat' dir='ltr'><strong>Car.</strong></span> <span class='ocrx_word' id='word_1_317' title='bbox 992 4034 1142 4089; x_wconf 87' lang='lat' dir='ltr'><strong>Muellerus</strong></span> <span class='ocrx_word' id='word_1_318' title='bbox 1164 4032 1208 4099; x_wconf 88' lang='lat' dir='ltr'><strong>(de</strong></span> <span class='ocrx_word' id='word_1_319' title='bbox 1233 4036 1297 4104; x_wconf 89' lang='lat' dir='ltr'><strong>ped.</strong></span> <span class='ocrx_word' id='word_1_320' title='bbox 1322 4036 1370 4090; x_wconf 93' lang='lat' dir='ltr'><strong>sol.</strong></span> 
     </span>
     <span class='ocr_line' id='line_1_35' title="bbox 201 4117 1371 4192; baseline -0.001 -17"><span class='ocrx_word' id='word_1_321' title='bbox 201 4140 228 4190; x_wconf 89' lang='lat' dir='ltr'><strong>p.</strong></span> <span class='ocrx_word' id='word_1_322' title='bbox 241 4124 283 4186; x_wconf 84' lang='lat'><strong>36,</strong></span> <span class='ocrx_word' id='word_1_323' title='bbox 298 4119 333 4186; x_wconf 76' lang='grc' dir='ltr'>ὅ),</span> <span class='ocrx_word' id='word_1_324' title='bbox 353 4139 415 4175; x_wconf 85' lang='lat' dir='ltr'><strong>cum</strong></span> <span class='ocrx_word' id='word_1_325' title='bbox 434 4121 463 4174; x_wconf 92' lang='lat' dir='ltr'><strong>in</strong></span> <span class='ocrx_word' id='word_1_326' title='bbox 482 4121 555 4175; x_wconf 89' lang='lat' dir='ltr'><strong>Phil.</strong></span> <span class='ocrx_word' id='word_1_327' title='bbox 570 4124 638 4175; x_wconf 86' lang='grc'>1029</span> <span class='ocrx_word' id='word_1_328' title='bbox 657 4137 673 4158; x_wconf 68' lang='lat'><strong>⁹</strong></span> <span class='ocrx_word' id='word_1_329' title='bbox 687 4117 689 4187; x_wconf 78' lang='lat'>1</span> <span class='ocrx_word' id='word_1_330' title='bbox 703 4121 729 4171; x_wconf 81' lang='grc' dir='ltr'><strong>τί</strong></span> <span class='ocrx_word' id='word_1_331' title='bbox 740 4123 768 4187; x_wconf 84' lang='grc' dir='ltr'><strong>μ’</strong></span> <span class='ocrx_word' id='word_1_332' title='bbox 782 4120 917 4189; x_wconf 74' lang='grc' dir='ltr'><em>ἀπάγεσθε</em></span> <span class='ocrx_word' id='word_1_333' title='bbox 937 4126 965 4179; x_wconf 86' lang='lat' dir='ltr'><strong>et</strong></span> <span class='ocrx_word' id='word_1_334' title='bbox 986 4127 1053 4177; x_wconf 87' lang='grc'>1247</span> <span class='ocrx_word' id='word_1_335' title='bbox 1074 4121 1187 4186; x_wconf 80' lang='grc' dir='ltr'>δίκαιον,</span> <span class='ocrx_word' id='word_1_336' title='bbox 1207 4122 1223 4174; x_wconf 80' lang='grc' dir='ltr'>ἃ</span> <span class='ocrx_word' id='word_1_337' title='bbox 1243 4127 1265 4192; x_wconf 82' lang='grc' dir='ltr'><strong>γ’</strong></span> <span class='ocrx_word' id='word_1_338' title='bbox 1279 4123 1371 4191; x_wconf 77' lang='grc' dir='ltr'><em>ἔλαβες</em></span> 
     </span>
     <span class='ocr_line' id='line_1_36' title="bbox 201 4211 1371 4278; baseline 0.005 -16"><span class='ocrx_word' id='word_1_339' title='bbox 201 4211 415 4278; x_wconf 86' lang='lat' dir='ltr'><strong>monosyllabon</strong></span> <span class='ocrx_word' id='word_1_340' title='bbox 444 4228 535 4277; x_wconf 90' lang='lat' dir='ltr'><strong>neque</strong></span> <span class='ocrx_word' id='word_1_341' title='bbox 567 4227 628 4264; x_wconf 86' lang='lat' dir='ltr'><strong>cum</strong></span> <span class='ocrx_word' id='word_1_342' title='bbox 657 4211 841 4266; x_wconf 88' lang='lat' dir='ltr'><strong>antecedente</strong></span> <span class='ocrx_word' id='word_1_343' title='bbox 872 4229 962 4278; x_wconf 92' lang='lat' dir='ltr'><strong>neque</strong></span> <span class='ocrx_word' id='word_1_344' title='bbox 990 4229 1052 4266; x_wconf 88' lang='lat' dir='ltr'><strong>cum</strong></span> <span class='ocrx_word' id='word_1_345' title='bbox 1081 4214 1267 4277; x_wconf 85' lang='lat' dir='ltr'><strong>consequente</strong></span> <span class='ocrx_word' id='word_1_346' title='bbox 1296 4216 1371 4268; x_wconf 90' lang='lat' dir='ltr'><strong>arcte</strong></span> 
     </span>
     <span class='ocr_line' id='line_1_37' title="bbox 202 4298 527 4354; baseline -0.006 0"><span class='ocrx_word' id='word_1_347' title='bbox 202 4298 348 4354; x_wconf 85' lang='lat' dir='ltr'><strong>cohaerere</strong></span> <span class='ocrx_word' id='word_1_348' title='bbox 367 4299 527 4354; x_wconf 86' lang='lat' dir='ltr'><strong>contendat.</strong></span> 
     </span>
    </p>
   </div>
   <div class='ocr_carea' id='block_1_8' title="bbox 0 0 1475 4974">
    <p class='ocr_par' dir='ltr' id='par_1_9' title="bbox 0 0 1475 4974">
     <span class='ocr_line' id='line_1_38' title="bbox 0 0 1475 4974; baseline 0 0"><span class='ocrx_word' id='word_1_349' title='bbox 0 0 1475 4974; x_wconf 95' lang='lat' dir='ltr'><strong> </strong></span> 
     </span>
    </p>
   </div>
  </div>
 </body>
</html>
