2940 4974
676 339 895 404 „22-

201 530 435 595 exclamationis
457 531 558 594 simile
578 531 755 613 exemplum
779 531 926 613 reperies.
974 530 1077 594 Etiam
1102 532 1206 595 minus
1229 531 1374 594 timemus

200 639 233 700 in
245 638 401 720 justarum
418 637 609 702 solutionum
625 660 791 702 numerum
806 639 943 720 recipere
958 637 1154 702 tribrachum
1170 637 1230 701 Ar.
1246 660 1274 700 u.
1289 637 1371 700 1381

201 744 267 806 ἀλλ’
293 745 312 807 ὅ
342 770 368 807 τι
400 745 513 826 λέγεις,
546 767 609 828 qua
641 745 678 808 de
708 744 863 809 solutione
894 744 969 827 quid
999 745 1149 822 sentiam,
1178 745 1246 827 jam
1280 765 1374 825 supra

200 850 411 915 demonstravi
436 851 491 932 (cf.
517 872 589 934 pag.
613 850 679 931 14).

289 972 408 1038 Verum
435 974 521 1038 nullo
545 974 637 1038 modo
662 975 807 1051 adducor,
831 979 868 1038 ut
890 974 1085 1039 commodam
1109 974 1256 1051 habeam,
1280 995 1374 1056 quam

200 1081 231 1143 in
250 1080 344 1162 Vesp.
364 1104 393 1144 v.
409 1083 471 1145 767
498 1080 630 1164 legimus
653 1080 841 1145 solutionem
866 1082 947 1162 ἅπερ
973 1081 1040 1143 ἐκεῖ
1059 1081 1234 1162 πράττεται,
1259 1082 1373 1164 quippe

200 1189 232 1250 in
266 1210 329 1271 qua
359 1187 500 1270 syllabae
534 1187 644 1251 breues
676 1189 753 1251 arsis
787 1188 855 1251 loco
887 1187 1006 1269 positae
1040 1187 1134 1270 plane
1166 1186 1374 1251 dilacerentur

201 1318 302 1379 neque
330 1295 394 1358 ullo
422 1295 642 1384 contineantur
669 1295 804 1359 vinculo.
852 1295 1034 1359 Rectissime
1065 1293 1125 1358 hoc
1153 1293 1374 1358 animadvertit

200 1401 364 1466 Dobraeus
393 1407 487 1485 atque
518 1403 705 1479 felicissime,
736 1403 763 1466 si
794 1403 869 1487 quid
899 1402 999 1480 video,
1025 1402 1203 1465 emendavit
1232 1405 1252 1464 ἃ
1283 1403 1377 1464 κάκεῖ

200 1509 373 1588 πράττεται.
421 1509 525 1573 Minus
560 1510 766 1591 probabiliter
800 1512 837 1573 de
872 1509 931 1574 hoc
965 1531 1055 1573 versu
1090 1530 1191 1590 nuper
1221 1508 1374 1591 judicavit

200 1614 375 1679 Meinelrius
403 1617 436 1678 in
459 1616 667 1680 vindiciarum
696 1615 777 1679 libro
801 1638 831 1699 p.
849 1617 902 1695 30,
926 1616 980 1699 qui
1009 1613 1053 1678 nil
1076 1615 1233 1695 reperiens
1257 1615 1372 1679 insoliti

199 1722 233 1784 in
258 1722 318 1784 hac
333 1723 489 1786 solutione
511 1745 612 1806 neque
632 1727 737 1786 tamen
761 1725 895 1805 probum
912 1745 976 1787 esse
992 1744 1116 1786 versum
1140 1726 1227 1785 ratus
1250 1722 1283 1785 in
1300 1743 1373 1785 voce

200 1829 304 1906 ταῦθ’,
329 1851 503 1913 quamquo
528 1830 645 1895 referat
666 1830 865 1913 inambigua
886 1834 940 1909 est,
966 1830 1077 1893 vitium
1101 1830 1198 1893 latere
1214 1829 1374 1893 contendit

201 1937 296 2018 atque
323 1957 380 2017 pro
404 1958 440 1999 ea
463 1937 582 2017 πρῶθ’
599 1942 635 2000 ut
657 1937 829 2000 scribamus
852 1937 971 2014 suadet,
995 1958 1065 1999 cum
1090 1936 1257 2000 arbitrium
1285 1934 1373 1998 nobie

199 2042 368 2125 relinquat,
393 2046 499 2105 utrum
516 2044 597 2125 ὅπερ
615 2045 684 2105 ε’κεῖ
703 2066 742 2106 an
767 2045 786 2104 ἃ
804 2044 900 2106 κάκεῖ
912 2042 1133 2106 anteferamus.
1170 2043 1215 2105 At
1231 2043 1372 2125 equidem

201 2146 294 2228 plane
321 2170 384 2210 non
413 2147 573 2231 intellego,
603 2171 658 2212 cur
686 2171 793 2213 rocem
818 2148 912 2211 ταῦθ’
930 2153 1097 2225 tentemus,
1126 2171 1197 2212 cum
1225 2147 1373 2212 facillime

200 2258 296 2336 atque
324 2276 362 2317 ex
390 2256 597 2337 grammatica
624 2256 745 2319 ratione
773 2256 942 2320 rectissime
973 2258 1005 2319 in
1033 2255 1163 2320 verbum
1189 2256 1374 2319 antecedens

202 2360 310 2432 δίκαζε
332 2361 496 2438 referatur,
521 2362 571 2425 cui
594 2366 768 2426 structurae
792 2384 854 2425 non
871 2362 975 2426 obstat
998 2362 1075 2425 illud
1096 2363 1282 2426 antecedens
1301 2365 1373 2443 περὶ

200 2473 267 2544 τοῦ,
281 2467 363 2550 quod
379 2467 454 2530 item
468 2468 647 2550 saepissime
661 2471 757 2533 verbo
772 2469 912 2542 δικάζειν
926 2492 990 2533 sese
1005 2471 1201 2553 conjungens
1216 2493 1234 2532 a
1248 2471 1373 2552 proprio

200 2573 334 2654 pendeat
345 2574 495 2656 subjecte.
528 2575 644 2658 Utique
656 2580 728 2641 utra
740 2575 832 2640 lectio
845 2576 1045 2640 Meinehiana
1057 2577 1148 2640 alteri
1160 2577 1199 2639 ad
1212 2577 1372 2641 metricam

201 2679 397 2761 disciplinam
420 2687 565 2764 praestet,
591 2683 680 2745 nobis
704 2683 889 2766 ambiguum
912 2705 976 2747 esse
1000 2705 1063 2747 non
1084 2685 1152 2766 jam
1176 2687 1288 2766 potest.

476 2928 518 2995 V.
549 2928 599 2995 De
622 2928 821 2997 tribrachis
844 2929 963 3016 quinti
986 2929 1099 3017 pedis.

290 3089 459 3153 Rarissime
479 3089 683 3156 inveniuntur
702 3092 855 3156 tribrachi
878 3096 949 3174 post
964 3092 1094 3155 alteram
1110 3089 1265 3176 syllabam
1285 3089 1373 3182 incisi

200 3197 231 3258 in
250 3196 360 3278 quinto
384 3195 620 3276 pedevidelicet
643 3197 772 3261 obeam
797 3220 933 3276 causam,
959 3219 1029 3262 cum
1055 3198 1105 3260 hic
1129 3218 1182 3279 pes
1207 3197 1245 3260 ad
1269 3218 1374 3260 versus

202 3303 296 3365 finem
323 3302 464 3383 proxime
488 3303 635 3367 accedens
662 3327 807 3368 numeros
833 3305 984 3369 desideret
1007 3326 1100 3387 quam
1132 3303 1266 3366 maxime
1294 3301 1373 3386 legi·

200 3410 301 3487 times,
326 3413 362 3472 ut
384 3409 573 3473 solutionum
598 3411 726 3475 omnino
750 3412 833 3475 haud
857 3414 901 3475 ita
923 3412 1046 3494 patiens
1066 3412 1115 3474 sit.
1163 3410 1211 3474 Ac
1234 3409 1374 3491 profecto

201 3537 346 3579 numeros
377 3516 556 3598 impeditius
587 3519 822 3601 progredientes
853 3519 886 3581 in
914 3518 1001 3581 nullo
1030 3517 1244 3599 deprehendas
1272 3538 1372 3592 versu,

200 3625 296 3687 immo
328 3622 361 3685 in
393 3621 575 3702 solutiones,
607 3646 822 3708 quaecumque
855 3626 979 3689 obviam
1011 3624 1108 3701 fiunt,
1139 3623 1372 3687 excusationum

200 3750 291 3791 ansas
319 3750 356 3790 ex
387 3728 516 3809 pedibus
544 3730 755 3810 superioribus
783 3733 858 3794 satis
882 3736 971 3794 notas
1000 3730 1170 3793 transferre
1201 3752 1371 3812 possumus

200 3833 252 3896 An
281 3835 376 3897 etiam
400 3836 469 3918 quis
499 3834 662 3915 paululum
695 3837 836 3902 haerebit
865 3838 898 3901 in
926 3839 1103 3915 tribrachis,
1132 3858 1209 3920 quos
1240 3836 1373 3920 legimus

200 3940 338 4022 in-Equ.
354 3964 383 4004 v.
403 3943 486 4005 1245
511 3941 647 4022 πότερον
672 3944 704 4004 ἐκ
728 3945 956 4027 ἀγορᾷ,,1392
982 3945 1020 4006 οὗ
1045 3943 1105 4024 γὰρ
1130 3944 1148 4004 ὁ
1173 3942 1372 4024 Παφλαγών,

201 4068 333 4130 quorum
357 4047 390 4109 in
414 4048 517 4128 priore
546 4050 745 4129 praepositio
769 4053 801 4114 in
826 4051 924 4114 altero
948 4049 1097 4113 articulus
1121 4051 1210 4132 quasi
1238 4050 1373 4132 primam

200 4155 357 4235 sequentis
372 4155 455 4216 vocis
479 4152 597 4216 efficiat
612 4153 775 4237 syllabam.
814 4156 926 4239 Neque
950 4156 1049 4237 magis
1073 4160 1148 4238 puto
1166 4155 1370 4219 Av.v.1677

200 4258 235 4323 τὸ
259 4264 402 4340 πρᾶγμα.
432 4260 460 4320 τί
482 4257 519 4320 σὺ
544 4259 641 4337 λέγεις
670 4263 790 4326 medela
818 4264 968 4346 indigere,
996 4263 1028 4324 in
1055 4283 1116 4344 quo
1145 4284 1234 4325 versu
1263 4283 1372 4324 mono·
