2940 4974
627 310 848 372 „23-

151 505 288 589 syllabas
311 525 400 568 voces
424 504 565 586 proxime
582 503 731 586 conjungi
756 503 838 567 iuter
860 526 892 568 se
917 507 948 567 et
971 526 1041 566 curn
1065 508 1213 588 sequente
1235 525 1326 567 voca·

153 610 226 674 bulo
250 633 313 674 non
329 611 475 693 estquod
495 611 609 673 iterum
630 631 784 674 moneam.
825 610 923 674 Plane
938 610 1081 674 similiter
1097 610 1327 675 conformatam

150 716 337 781 solutionem
354 717 505 781 habemus
524 717 557 780 in
573 715 699 780 Thesm,
716 739 746 778 v.
760 718 835 793 632,
855 717 881 779 si
900 717 1068 797 probamus
1084 716 1202 801 Engeri
1219 739 1326 780 emen-

150 823 308 888 dationem
339 823 502 887 scribentis
530 823 617 885 ruent
645 822 707 903 μὲν
735 823 878 903 ἤκουσάς
907 841 958 885 ov·
990 824 1019 883 τί
1045 822 1080 884 δὲ
1107 824 1223 904 τρίτον,
1253 845 1325 886 cum

150 929 253 1011 prima
291 928 509 1013 monosyllaba
543 951 614 992 cum
649 930 851 993 antecedente
885 930 980 993 verbo
1018 930 1240 1012 conjungenda
1274 931 1325 1007 sit,

150 1036 250 1100 altera
274 1041 304 1100 et
328 1037 420 1099 tertia
444 1035 532 1118 quasi
561 1057 657 1100 unam
680 1035 819 1099 forment
847 1034 1034 1119 bisyllabam
1057 1057 1174 1098 vocem.
1217 1036 1325 1100 Wide-

149 1165 267 1226 grenus
295 1166 371 1206 num
399 1143 471 1206 talis
494 1142 608 1205 solutio
637 1141 765 1206 ferenda
788 1142 838 1219 sit,
867 1141 935 1204 aliis
964 1141 1200 1225 dijudicandum
1228 1143 1324 1206 relin-

150 1251 219 1333 quit
244 1249 298 1331 (cf.
322 1250 359 1313 de
383 1270 513 1312 numero
535 1252 566 1312 et
587 1248 834 1312 conformatione
858 1248 972 1330 pedum
989 1248 1163 1313 solutorum
1189 1247 1254 1330 §5‚
1280 1249 1323 1331 6).

149 1354 242 1421 Certe
272 1377 336 1419 non
368 1356 471 1418 minus
503 1355 581 1418 bene
609 1355 711 1418 versui
740 1355 926 1432 consulitur,
954 1355 978 1416 si
1007 1353 1057 1418 vel
1086 1376 1156 1418 cum
1181 1355 1324 1420 Bentleio

149 1463 262 1526 omisso
292 1463 331 1526 σύ
359 1462 522 1526 scribimus
549 1463 579 1522 τί
605 1461 632 1523 δ’
650 1459 690 1523 αὖ
720 1463 831 1548 iphys,
865 1460 914 1524 vel
942 1483 1013 1524 cum
1041 1460 1189 1525 Elmsleio
1217 1465 1246 1524 τί
1273 1463 1324 1525 dal

148 1570 262 1650 τρίτον,
288 1569 336 1632 vel
359 1591 429 1632 cum
448 1566 620 1632 Fritzsclrio
643 1569 673 1629 τί
691 1566 720 1628 δ’
737 1567 777 1648 ἦν
796 1568 907 1648 τρίτον.
946 1566 1045 1630 Plane
1062 1589 1136 1631 vero
1157 1569 1324 1651 rejicienda

149 1680 196 1739 est
218 1676 354 1739 Brunkii
381 1676 474 1741 lectio
497 1677 526 1737 τί
548 1674 777 1756 decerptor,
806 1696 876 1738 cum
906 1675 978 1738 talis
1001 1675 1114 1739 solutio
1138 1681 1190 1738 tan
1209 1699 1262 1743 um
1290 1677 1323 1739 in

148 1782 251 1864 primo
274 1784 351 1865 pede
374 1782 478 1846 locum
502 1781 628 1845 habeat.
1128 1850 1130 1854 ,

240 1890 310 1953 Duo
338 1911 444 1954 versus
475 1889 564 1953 nobis
595 1886 770 1951 tribrachos
800 1888 967 1970 praebent,
984 1889 1032 1950 ·in
1061 1909 1194 1971 quorum
1224 1889 1324 1953 altera

147 1996 270 2079 syllaba
301 1997 426 2079 longius
449 1996 637 2059 terminatur
660 1994 856 2071 vocabulum,
886 1995 939 2058 sed
968 1995 1081 2078 quibus
1111 1995 1187 2058 item
1216 1996 1324 2059 formis

148 2126 187 2166 ex
214 2103 418 2167 similitudine
448 2104 588 2167 locorum
617 2103 684 2184 jam
715 2102 927 2183 superioribus
958 2102 1088 2184 pedibus
1119 2103 1322 2183 probatorum

147 2211 255 2274 statim
278 2210 401 2273 veniam
424 2209 605 2273 vindicabis.
653 2207 735 2273 Sunt
758 2207 831 2273 Pac.
852 2233 881 2272 v.
899 2210 963 2272 538
988 2211 1034 2271 rbi
1058 2233 1115 2271 νυν
1138 2209 1244 2290 ἄθρει,
1269 2209 1322 2272 ubi

148 2317 325 2381 encliticam
341 2341 398 2380 νυν
422 2339 547 2380 ornnem
571 2316 707 2379 adimere
731 2316 932 2378 offensionem
956 2314 1024 2379 luce
1048 2314 1161 2379 elarius
1182 2321 1322 2398 apparet,

148 2428 180 2488 et
206 2424 283 2488 Ach.
308 2446 337 2487 v.
356 2424 420 2486 830
444 2423 480 2485 τὰ
509 2423 635 2505 χοιρίδι’
653 2423 787 2498 ἀπέδου,
817 2423 871 2486 ubi
895 2422 1025 2485 ultimae
1052 2421 1202 2505 longioris
1230 2445 1322 2486 voca·

147 2531 215 2594 buli
238 2531 324 2594 elisio
346 2530 534 2594 solutionem
558 2530 689 2612 probam
714 2528 816 2593 reddit
838 2551 940 2613 neque
962 2529 1182 2593 offendendum
1205 2529 1238 2592 in
1264 2530 1323 2593 hac

148 2639 288 2701 omnium
315 2638 467 2702 librorum
502 2638 645 2714 lectione,
673 2659 863 2720 quamquam
894 2636 1029 2700 libenter
1057 2637 1192 2700 concedo
1224 2636 1322 2699 multo

148 2743 321 2827 elegantius
354 2766 550 2826 processuros
580 2765 645 2808 esse
677 2765 782 2808 versus
815 2763 975 2821 numeros,
1009 2743 1034 2805 si
1068 2764 1138 2805 cum
1172 2742 1322 2806 Elmsleio

146 2852 335 2915 scriberetur
358 2851 481 2915 ἀπέδου
506 2851 543 2912 τὰ
567 2852 680 2932 χοιρία.

437 3054 499 3122 VI.
529 3055 580 3122 De
605 3053 763 3141 dactylis
786 3052 892 3151 primi
920 3051 1031 3140 pedis.

236 3188 285 3250 Ad
303 3188 498 3271 dactylorum
515 3189 540 3252 si
560 3189 628 3271 jam
652 3209 707 3252 nos
723 3188 932 3251 convertimus
953 3186 1069 3249 formas
1093 3190 1163 3267 post
1186 3187 1321 3269 priorem

148 3295 272 3359 brevem
299 3294 453 3379 syllabam
482 3295 604 3373 incisae,
635 3316 742 3358 eorum
770 3292 950 3357 libertatem
973 3314 1010 3356 ac
1037 3292 1198 3356 licentiam
1226 3295 1321 3356 etiarn

146 3401 240 3465 latius
262 3407 370 3484 patere
393 3402 577 3479 videbimus,
601 3423 696 3485 quam
721 3400 952 3463 tribracborum
975 3398 1118 3461 similiter
1141 3399 1319 3464 incisurum.

147 3508 241 3591 Cujus
265 3510 309 3572 rei
337 3510 370 3571 in
399 3508 500 3591 primo
528 3509 655 3592 quidem
682 3507 760 3590 pede
783 3529 908 3571 causam
937 3506 1010 3570 inde
1032 3506 1232 3570 derivandam
1257 3528 1321 3570 esse

146 3619 232 3698 puto,
262 3616 345 3698 quod
369 3615 547 3698 saepissime
570 3616 602 3676 in
631 3635 736 3677 versus
764 3613 855 3677 initio
884 3613 1118 3696 conjunctiones
1147 3618 1177 3677 et
1204 3635 1319 3695 prono·

146 3722 231 3784 mina
254 3720 414 3785 trochaica
446 3743 591 3784 mensura
623 3720 766 3803 ponenda
789 3725 888 3797 erant,
918 3742 999 3804 quae
1029 3719 1167 3785 maximo
1196 3723 1318 3784 tantum

146 3827 253 3891 labore
275 3829 376 3891 textui
406 3828 502 3891 inseri
531 3831 686 3909 poterant,
711 3827 771 3890 nisi
804 3831 897 3909 poeta
924 3827 1103 3891 liberiorem
1126 3827 1185 3890 sibi
1212 3848 1319 3907 sump-

146 3933 234 3997 sisset
264 3956 465 3998 numerorum
497 3934 734 4017 pangendorum
766 3934 930 3998 rationem.
981 3934 1024 3997 Et
1054 3934 1112 3997 nisi
1146 3933 1254 4009 fallor,
1286 3937 1321 3995 ut

146 4040 274 4105 liberius
305 4044 455 4105 tractaret
482 4041 598 4125 dactyli
625 4041 756 4119 formas,
787 4041 1013 4123 Aristophanes
1042 4063 1077 4104 ea
1106 4062 1139 4104 re
1169 4041 1320 4103 adductus

147 4150 202 4223 est,
226 4147 307 4230 quod
337 4146 432 4229 longa
455 4148 640 4211 antecedens
669 4147 864 4231 liquidiorem
894 4147 980 4230 pedis
1004 4147 1097 4210 soluti
1121 4146 1223 4210 reddit
1246 4167 1318 4228 pro·

146 4252 386 4316 nuntiationem.
