2940 4974
682 333 902 401 -18—

207 533 356 615 praebeat
382 532 469 613 παρὰ
498 537 562 595 τῶν
585 533 675 595 θεῶν
697 534 770 614 περὶ
793 539 849 596 τοῦ
873 534 1017 613 πολέμου
1043 533 1096 594 καὶ
1119 540 1175 615 τῆς
1200 532 1379 614 διαλλαγῆς,

207 639 303 703 codex
326 639 353 702 B
383 639 456 719 περὶ
486 639 630 718 πολέμου
661 639 870 721 καταλλαγῆς,
904 640 1022 703 codices
1045 640 1084 702 A.
1106 641 1137 702 S.
1156 638 1195 703 V.
1220 640 1293 720 περὶ
1323 645 1380 702 τοῦ

206 745 358 827 πολέμων
382 747 435 807 καὶ
459 745 666 827 καταλλαγῆς.
713 745 799 820 Quae
822 748 917 811 verba
945 748 983 810 ad
1008 747 1143 811 trimetri
1172 747 1307 810 formam
1335 747 1381 809 ita

206 853 348 935 redigere
371 852 566 916 conabantur
589 852 771 917 Dindorfius
795 858 826 917 et
847 854 1013 936 Bergkiua
1037 858 1073 918 ut
1094 853 1268 918 scriberent
1290 851 1379 934 παρὰ

205 964 270 1022 τῶν
293 959 382 1022 θεῶν
405 959 478 1039 περὶ
500 959 645 1039 πολέμου
671 959 848 1042 διαλλαγῆς.
894 959 1003 1024 Oritur
1026 960 1069 1024 sic
1092 959 1266 1043 bisyllabae
1288 983 1380 1042 prae-

206 1066 368 1148 positionis
395 1069 428 1128 in
452 1066 553 1129 altera
575 1066 728 1130 tribrachi
752 1067 873 1150 syllaba
896 1067 1064 1145 conclusio,
1093 1067 1194 1151 qualis
1217 1067 1381 1132 solutionis

206 1174 239 1235 in
267 1173 377 1236 ceteris
404 1172 534 1255 pedibus
562 1173 637 1235 satis
665 1195 816 1256 magnum
846 1174 1064 1256 deprendirnus
1095 1196 1271 1238 numerum.
1319 1173 1380 1239 Sed

206 1300 276 1344 cum
311 1279 344 1342 in
378 1280 472 1342 tertio
510 1279 603 1362 plane
639 1279 808 1362 singularis
843 1283 957 1355 exstet,
992 1302 1031 1343 ne
1070 1280 1129 1343 hac
1163 1280 1381 1344 emendatione

206 1385 344 1468 genuina
378 1385 533 1466 scriptura
567 1386 696 1448 inventa
730 1407 793 1447 non
828 1386 878 1459 sir,
913 1385 1048 1449 maxime
1084 1408 1202 1450 vereor.
1250 1387 1382 1451 Accedit

206 1493 288 1576 quod
308 1495 380 1554 ante
395 1493 525 1555 verbum
544 1492 688 1573 πολέμου
706 1492 839 1555 articulo
856 1512 949 1575 aegre
965 1514 1116 1556 caremus.
1153 1493 1257 1556 Etiam
1277 1495 1381 1557 minus

205 1599 333 1682 probari
356 1602 468 1680 potest,
492 1620 586 1681 quarn
611 1598 794 1682 Blaydesius
817 1601 975 1681 proponit,
1003 1599 1109 1664 lectio:
1138 1601 1283 1682 πολεμοῦ
1307 1600 1381 1680 περὶ

206 1705 259 1767 καὶ
276 1705 454 1787 διαλλαγῆς,
480 1726 550 1769 curn
575 1709 606 1768 et
629 1709 759 1788 quartus
782 1727 837 1787 pes
853 1710 1023 1788 anapaesto
1038 1707 1167 1770 vitietur
1186 1707 1381 1771 intolerabili

207 1812 259 1892 (cf.
278 1811 378 1876 curtii
396 1812 582 1875 Bernhardii
607 1812 850 1894 disputationem
874 1812 911 1876 de
934 1813 1138 1877 incisionibus
1161 1814 1322 1897 anapaesti
1346 1815 1379 1877 in

207 1918 294 1982 Actis
309 1941 371 1983 soc.
388 1919 498 2001 philol.
516 1919 684 2002 Lipsiensis
700 1919 726 1996 Ι,
744 1920 933 2000 245-286)
958 1925 989 1984 et
1012 1920 1064 1983 hic
1081 1942 1205 2004 quoque
1229 1922 1380 1985 articulus

206 2031 277 2088 ante
294 2026 438 2107 πολέμου
456 2025 656 2089 desideretur.
696 2025 839 2089 Rectiore
859 2026 977 2108 judicio
993 2027 1040 2089 usi
1057 2048 1121 2090 esse
1137 2027 1219 2090 nihi
1236 2028 1381 2090 videntur

205 2131 381 2196 Meinekius
409 2138 441 2198 et
465 2133 618 2213 Rectius,
651 2155 784 2217 quorum
815 2132 869 2197 ille
899 2134 1097 2197 scribendum
1129 2135 1277 2217 proponit
1306 2135 1380 2215 aspi

205 2244 261 2300 τοῦ
285 2239 429 2319 πολέμου
446 2240 654 2322 καταλλαγῆς,
676 2239 727 2302 bie
750 2239 899 2320 περὶτοῦ
923 2241 1067 2320 πολέμου
1090 2240 1258 2323 διαλλαγῆς
1277 2241 1380 2322 (cujus

206 2346 431 2409 emendationis
460 2349 494 2411 in
522 2345 777 2410 annotationibus
809 2348 1000 2410 mentionem
1027 2369 1091 2411 non
1124 2346 1224 2429 facit).
1272 2346 1380 2410 Alter-

205 2456 277 2515 utra
301 2452 412 2516 harum
437 2454 688 2536 conjecturarum
711 2457 835 2534 recepta
858 2474 959 2534 neque
986 2451 1138 2515 librorum
1169 2452 1260 2516 lectio
1286 2455 1380 2517 nimis

205 2559 411 2623 conturbatur
441 2563 472 2623 et
502 2581 608 2623 versus
639 2561 761 2622 numeri
793 2559 955 2641 eleganter
985 2559 1155 2642 profluunt.
1209 2559 1278 2623 Hoc
1309 2560 1379 2624 loco

205 2687 402 2729 commonere
425 2665 517 2728 uelim
543 2667 580 2729 de
595 2666 676 2729 Ran.
694 2689 723 2728 v.
744 2667 827 2729 1436
844 2667 939 2747 ἥντιν’
957 2668 1064 2748 ἔχετον
1087 2666 1160 2748 περὶ
1179 2673 1233 2748 τῆς
1251 2666 1379 2735 πόλεως

206 2773 374 2854 σωτηρίαν,
404 2773 506 2856 quisi
535 2773 687 2854 probatur
716 2795 784 2836 mea
808 2775 975 2836 uerborum
1004 2773 1204 2855 transpositio
1227 2795 1282 2836 suo
1309 2773 1378 2837 loco

206 2880 292 2962 (pag.
310 2882 366 2959 30)
383 2881 611 2957 commendata,
635 2879 829 2943 simillimum
848 2881 978 2962 praebet
997 2880 1140 2963 rhythmi
1156 2884 1187 2943 et
1203 2883 1379 2943 structurae

205 2986 392 3068 exemplum.

294 3091 388 3155 Haud
413 3092 528 3175 majore
552 3093 738 3157 difficultate
762 3096 940 3157 removetur
963 3091 1042 3155 alter
1065 3091 1122 3155 tali
1145 3092 1237 3156 modo
1253 3091 1378 3156 confor-

205 3203 308 3262 matus
338 3199 517 3263 tribrachus
548 3201 580 3262 in
609 3200 681 3284 LyS.
707 3223 734 3265 v.
754 3201 816 3264 993
849 3200 914 3261 ἀλλ’
940 3200 986 3268 ὡς
1017 3198 1099 3280 πρὸς
1131 3198 1235 3261 εἰδότα
1266 3223 1307 3280 με
1338 3197 1377 3261 σὺ

204 3306 329 3387 τάληθῆ
352 3306 430 3387 λέγε.
470 3307 594 3370 Etenim
609 3309 676 3389 jam
695 3306 850 3371 Porsonus
872 3309 906 3368 in
921 3306 1055 3369 insolitis
1071 3305 1223 3368 librorum
1240 3306 1378 3369 numeris

204 3412 363 3474 offendens
391 3412 514 3494 scripsit
538 3411 630 3474 εἰδότ’
648 3414 705 3492 ἐμέ
728 3413 771 3476 siu
799 3411 911 3475 tollens
940 3411 1028 3474 illam
1051 3411 1076 3473 si
1106 3433 1168 3475 non
1196 3413 1228 3474 in
1253 3410 1321 3474 aliis
1345 3414 1378 3474 at

205 3516 265 3580 hoc
289 3519 413 3600 quidem
443 3520 520 3599 pede
548 3519 707 3582 insolitam
734 3518 921 3582 solutionem
950 3523 981 3581 et
1010 3517 1218 3599 elegantiores
1246 3518 1377 3582 reddens

203 3625 270 3686 sine
297 3625 392 3688 dubio
424 3646 578 3688 numeros.
626 3624 741 3702 Causa,
774 3647 829 3689 cur
856 3625 889 3686 in
922 3624 980 3687 hoc
1013 3625 1079 3706 ipso
1111 3624 1188 3707 pede
1218 3624 1273 3688 illa
1300 3623 1377 3688 alias

204 3731 380 3811 saepissime
405 3732 519 3794 usitata
548 3731 650 3795 forma
673 3733 770 3796 vet'ta
792 3733 843 3809 sit,
871 3730 943 3792 inde
971 3730 1104 3811 petenda
1131 3733 1187 3808 est,
1215 3732 1297 3812 quod
1322 3753 1377 3795 en-

205 3835 309 3899 clitica
331 3861 373 3917 pa
397 3837 485 3920 quasi
501 3836 613 3899 ultima
637 3840 848 3902 antecedentis
864 3836 952 3899 verbi
976 3835 1084 3898 habita
1100 3836 1221 3921 syllaba
1238 3841 1378 3902 oreretur

206 3964 309 4005 versus
331 3946 364 4005 in
389 3944 463 4006 duas
488 3942 631 4026 aequales
660 3949 764 4026 partes
788 3946 907 4022 divisio,
932 3967 1026 4027 quam
1051 3945 1167 4026 ubique
1191 3946 1230 4008 ab
1253 3945 1376 4007 Aristo-

204 4050 309 4132 phane
329 4049 457 4111 vitatam
483 4071 547 4112 esse
571 4050 728 4112 neminem
748 4052 923 4114 accuratius
947 4073 1012 4113 rem
1037 4051 1239 4131 indagantem
1264 4051 1374 4133 fugiet.

203 4156 304 4230 Quam
329 4156 368 4217 ob
393 4156 492 4238 ipsam
516 4177 640 4219 causam
663 4162 805 4237 suspecta
828 4158 906 4221 mihi
931 4162 977 4220 est
1001 4157 1178 4221 emendatio
1202 4158 1374 4241 aR-eisigio

205 4260 363 4346 proposita
386 4261 418 4321 in
437 4261 515 4343 Equ.
535 4285 562 4322 v.
584 4264 679 4338 1350,
703 4263 755 4344 qui
780 4263 812 4324 in
830 4262 968 4344 Oonject.
987 4283 1059 4344 pag.
1078 4265 1141 4326 255
1167 4268 1202 4326 ut
1222 4265 1375 4328 scribatur
